1910 2806
804 71 851 81 -
906 44 961 92 24
1012 69 1064 81 —-
1262 45 1264 47 ,

211 153 386 201 genetivo
413 154 578 192 nominis
592 155 700 191 modo
728 167 811 192 cum
828 154 1103 203 praepositione
1119 154 1229 192 locali
1247 153 1391 204 posuit3
1416 116 1653 203 Thucyffides

208 217 347 267 ubique
373 217 542 254 abeolute
567 216 741 265 protulit:
768 219 789 254 Ι
808 221 869 262 69,
891 221 933 254 5·
959 213 1185 264 Ἀθηναίους
1211 213 1278 265 οὔχ
1295 211 1422 259 ἕκᾶς”
1399 229 1519 259 οντας.
1550 219 1611 261 80,
1625 220 1648 252 3

211 280 308 315 VIII
336 283 397 323 94,
426 283 461 316 3.
492 282 577 324 104,
606 282 643 316 4.
671 300 723 306 —-
749 281 809 316 Ad
833 281 954 325 locos,
992 292 1084 329 quos
1109 279 1437 326 Schweighaeuser
1463 290 1507 315 ex
1533 278 1652 316 Hero-

213 342 301 378 doto
339 337 606 387 accumulavit,
643 342 779 379 adicias
806 343 826 378 I
857 345 942 387 134,
970 345 1014 379 9:
1056 355 1142 386 τους
1177 340 1321 379 ἑωυτῶν
1358 339 1550 389 ἑκαστέρω.
1592 341 1654 379 111

212 407 275 448 41,
303 407 349 441 9:
378 399 454 440 ἇπό
483 404 547 449 τῆς
573 399 688 450 νήσου
715 401 812 448 ἑκάς.
865 407 950 449 111,
973 408 1041 442 14ἰ
1068 400 1365 443 ἀπαλλάσσεσθαι
1391 400 1477 447 §nde
1502 400 1652 440 αὖτέαιν.

211 466 271 502 IX
299 469 360 510 93,
394 469 450 502 10.

211 538 362 587 Reliqui
389 538 587 585 scriptores
615 538 694 575 eius
721 539 840 576 vicem
868 534 995 586 πόρρω
1022 540 1200 577 vocabulo
1227 540 1286 576 usi
1313 542 1400 576 suut
1414 539 1460 586 ¹).

314 606 415 646 Ἐνδ
424 621 558 647 οιαστ
569 612 600 647 ὦ
609 623 628 653 ς
645 612 832 659 reperitur
850 613 946 659 apud
958 612 1095 648 Herod.
1109 612 1195 648 VII.
1210 613 1295 657 174,
1308 616 1349 648 4:
1375 609 1548 647 Θεσσαλοὶ
1568 607 1653 657 ἐμή-

215 671 320 709 δισαν
346 669 554 720 προθύμως
588 668 666 709 οὐδ’
693 671 745 709 ἔτι
774 672 1005 717 ἐνδοιαστῶς,
1042 674 1156 711 Thuc.
1186 674 1238 710 VI
1269 678 1327 719 10,
1358 678 1402 712 5:
1437 670 1536 710 ἄλλοι
1561 670 1656 716 τινὲς

211 731 305 771 κατὰ
340 731 406 777 τοὶς
440 731 618 782 ἠπείρους
651 733 867 778 ἐνδοιαστῶς
892 731 1109 783 ἀκροῶνται.
1143 736 1216 772 VII
1245 737 1306 781 87,
1336 741 1369 772 4.
1398 758 1449 763 --
1475 736 1653 784 Hippocr.

211 797 389 845 praedict.
415 798 482 835 lib.
510 798 562 835 11.
590 798 665 835 vol.
694 797 802 834 XXI.
829 811 866 845 p.
898 801 996 843 189„
1031 798 1077 834 de
1104 799 1221 843 morb.
1248 798 1392 844 vulgar.
1418 798 1484 836 lib.
1511 799 1542 833 1.
1580 798 1654 835 vol.

140 881 142 883 ·
213 859 366 897 XXIII.
392 872 429 908 p.
459 862 545 895 384.
574 871 623 895 m.
650 860 705 907 (et
732 859 844 895 etiam
872 859 1020 906 saepius
1047 859 1273 898 adiectivum
1301 856 1534 907 ἕνδοιαστός).
1579 855 1655 895 Ἑν-

214 917 369 966 δοιάζειν
406 925 463 959 est
498 922 596 970 apud
630 921 794 971 Thucyd.
822 923 843 958 Ι
871 926 932 968 36,
963 925 995 959 1.
1043 924 1130 967 122,
1153 926 1187 959 3.
1226 923 1284 976 VI·
1309 926 1370 968 91,
1400 923 1655 961 4.·Posterio-

213 996 271 1021 res
299 997 374 1021 non
402 985 520 1022 solum
548 997 591 1021 ea
617 986 800 1022 vocabula
826 989 1057 1033 receperunt,
1095 986 1159 1021 sed
1188 986 1298 1021 etiam
1326 997 1425 1023 nova
1456 998 1504 1022 ex
1530 987 1655 1022 eadem

213 1047 338 1084 radice
365 1048 699 1083 conformaverunt.

321 1120 482 1157 Verbum
512 1117 744 1164 ἐξαπίνης
770 1132 852 1156 cum
878 1120 920 1156 in
945 1121 1046 1157 hunc
1066 1132 1259 1157 numerum
1278 1120 1414 1157 assumi
1432 1120 1555 1164 velim,
1574 1120 1656 1156 fieri

213 1195 288 1218 non
315 1184 450 1228 potent,
478 1182 566 1229 quin
596 1181 815 1218 sententiam
841 1182 1019 1218 Lobeckii
1046 1182 1108 1229 (ad
1127 1183 1265 1229 Phi-yn.
1284 1195 1319 1229 p.
1343 1181 1418 1229 18.)
1445 1176 1657 1229 impugnem

214 1243 398 1281 censentis
427 1243 572 1287 ,formas
600 1238 720 1288 ἄφνω,
750 1241 934 1290 ἐξαπίνης,
963 1241 1135 1290 ἐξαίφνης
1163 1248 1201 1280 et
1227 1242 1441 1287 ἐξαπιναίως
1467 1244 1565 1292 apud
1588 1245 1656 1280 At-

212 1306 305 1342 ticos
334 1306 532 1352 scriptores
560 1306 788 1352 promiscue,
815 1309 859 1340 ut
886 1298 1019 1353 cuique
1045 1306 1185 1349 lubuit,
1219 1309 1414 1351 usurpatas
1442 1310 1544 1341 esee‘.
1598 1306 1653 1340 De

213 1379 287 1416 qua
313 1366 500 1416 sententia
526 1369 649 1403 actum
677 1366 760 1411 erit,
789 1366 820 1402 si
838 1366 917 1404 vim
936 1366 1268 1417 auctoritatemque
1289 1367 1541 1416 exemplorum
1561 1367 1657 1404 Plat.

212 1431 300 1478 Rpl.
328 1443 364 1476 p.
382 1434 469 1467 621.
497 1431 527 1466 Β
554 1430 743 1467 Demosth.
773 1443 803 1466 c.
831 1432 866 1465 N
868 1443 963 1467 eaer.
991 1433 1102 1474 §99·e
1132 1431 1265 1478 quibus
1291 1431 1476 1474 innititur,
1505 1431 1655 1466 dilueri-

212 1504 306 1528 mus.
336 1513 386 1517 —
414 1491 519 1531 Quod
556 1492 656 1528 euim
682 1490 897 1527 Aristotelis
934 1503 1079 1540 quoque
1107 1490 1369 1537 testimonium,
1406 1504 1442 1540 p.
1471 1494 1569 1528 636²
1596 1494 1656 1536 31,

214 1554 392 1602 protulit,
426 1555 527 1591 hunc
564 1555 650 1602 puri
685 1554 865 1591 sermonis
895 1554 1011 1590 Attici
1038 1557 1172 1590 testem
1200 1567 1280 1590 esee
1306 1554 1470 1600 praecise
1498 1567 1592 1599 nego
1606 1554 1656 1600 ²).

213 1636 264 1642 —
294 1618 419 1663 Atque
448 1617 554 1651 Plato
583 1616 742 1663 quidem,
771 1615 835 1663 qui
864 1627 906 1651 eo
934 1615 1013 1652 loco
1039 1615 1199 1650 fabulam
1226 1603 1311 1651 Eris
1338 1614 1527 1651 cuiusdam
1539 1642 1548 1659 ,
1589 1617 1656 1651 Ar-

212 1677 312 1715 meni
339 1677 420 1725 filii,
447 1681 585 1723 narrat,
613 1690 686 1714 non
714 1678 760 1714 de
781 1690 846 1715 suo
874 1679 946 1714 hoc
963 1677 1182 1715 vocabulum
1201 1678 1353 1715 videtur
1371 1677 1525 1723 dedisse,
1552 1690 1656 1725 prae-

212 1741 342 1776 sertim
393 1751 476 1776 cum
512 1740 668 1788 reliquis
707 1740 820 1787 (octo)
861 1740 952 1775 locis
990 1738 1161 1784 ἐξαίφνης
1200 1739 1390 1775 scriberet.
1455 1741 1655 1776 Auctorem

212 1805 334 1839 autem
372 1800 550 1838 orationis
590 1814 620 1838 c.
649 1803 780 1840 Neaer.
816 1801 1069 1849 Thucydidem
1106 1805 1192 1838 ante
1230 1802 1354 1839 oculos
1390 1801 1562 1839 habuisse
1593 1802 1656 1839 vel

213 1865 431 1912 compilasse
458 1866 542 1901 luce
571 1864 706 1901 clarius
734 1868 791 1901 est
805 1865 863 1911 ³):
893 1865 938 1901 cf.

264 1938 379 1974 Thuc.
407 1937 451 1973 II
479 1941 514 1982 3,
547 1940 587 1973 1:
1018 1935 1286 1974 Ps.-Demosth.
1314 1949 1344 1975 c.
1370 1938 1500 1975 Neaer.
1530 1940 1600 1974 99:

212 1999 251 2035 οἱ
275 1997 315 2035 δὲ
336 2000 526 2046 Πλαταιῆς
545 1995 595 2041 οἷς
614 1995 775 2049 ᾔσθοντο
796 1998 903 2035 ἔνδον
966 1995 1182 2044 αἰσθόμενοι
1209 1996 1239 2033 δ’
1271 1997 1309 2034 οἱ
1327 2000 1523 2041 Πλαταιεῖς
1548 1997 1655 2035 ἔνδον

210 2073 246 2097 τε
274 2057 384 2103 ὄντας
412 2057 498 2104 τούς
528 2060 707 2108 Θεβαίους
734 2058 796 2096 καὶ
824 2059 902 2105 ἐξα·
966 2055 1076 2103 ὄντας
1103 2056 1189 2103 τούς
1219 2059 1405 2108 Θηβαίους
1432 2062 1498 2108 τῆς
1524 2056 1654 2104 νυκτός

211 2123 367 2166 πιναίως
384 2121 668 2171 κατειλημμένην
702 2119 768 2170 τὴν
794 2119 901 2159 πόλιν
964 2121 1027 2159 καὶ
1055 2121 1272 2167 ἐξαπιναίως
1302 2118 1425 2159 αὐτῶν
1451 2119 1518 2170 τὴν
1544 2119 1652 2159 πόλιν

964 2183 1003 2221 ἐν
1040 2180 1167 2236 εἰρήνη
1204 2182 1507 2232 κατειλημμένην,
1543 2195 1653 2232 παρε-

962 2243 1147 2295 βοήθουν.

294 2373 325 2413 1)
348 2374 385 2403 V.
407 2373 599 2403 Rutherford.
624 2373 663 2402 ad
677 2373 792 2410 Phryu.
815 2381 846 2410 p.
863 2374 915 2402 28.
958 2372 1005 2402 Cf.
1027 2373 1173 2410 Krueger.
1197 2372 1251 2402 Gr.
1273 2372 1325 2401 Gr.
1348 2373 1388 2402 11.
1412 2373 1464 2402 88.
1486 2372 1514 2401 6.
1538 2374 1567 2402 1.

293 2428 325 2464 2)
347 2427 541 2457 Aristotelem
562 2425 658 2455 verba
678 2426 789 2455 <Ionica
810 2434 872 2455 non
894 2426 1068 2463 repudiasse
1089 2434 1182 2462 cupra
1202 2425 1344 2455 vidimus.

292 2477 325 2519 3)
347 2479 383 2508 V.
405 2479 504 2508 Blaes.
536 2478 753 2515 ‚Beredsamkf
786 2478 848 2507 vol.
872 2478 926 2507 111.
959 2487 990 2516 p.
1012 2478 1083 2508 478.
1113 2487 1142 2518 p.
1166 2479 1237 2508 481.
1267 2478 1335 2510 adu.
1360 2478 1390 2509 1.
1432 2476 1479 2507 cf.
1508 2475 1650 2508 Diudorf.

206 2534 308 2563 annot.
332 2532 365 2562 iu
386 2532 545 2562 Demosth.
568 2531 637 2559 VII.
658 2540 689 2569 p.
715 2531 805 2563 1361.
