1910 2806
269 166 425 209 Phaedr.
452 182 490 218 p.
518 169 606 208 276.
634 167 689 208 D-.
724 169 778 214 εἰς
809 165 852 208 cd
888 167 1010 219 λήθης
1042 171 1157 222 γῆρας
1192 166 1475 220 &civim-toi
1500 168 1614 209 vedu
1645 161 1710 209 ἔᾶν

268 233 391 281 1ἰ’κητιιιι
419 246 493 270 ιιοιι
520 246 602 270 cum
625 233 805 271 Sohsnzio
832 234 987 271 delenda
1012 237 1109 280 sunt,
1146 237 1185 271 at
1210 238 1309 272 certo
1335 237 1452 271 totum
1478 234 1597 271 locmn
1622 246 1709 281 poo-

267 297 340 333 tico
368 297 489 333 colore
516 296 673 333 tinctum
699 309 777 334 esse
803 309 886 334 cum
912 296 1149 336 Stsll‘baumio
1175 300 1306 335 statuo.
1423 298 1434 309 ¹

268 371 382 406 Porro
410 370 561 405 dubium
587 381 661 406 non
688 373 755 416 est,
783 370 872 418 quin
900 370 1013 408 Thuc.
1037 370 1070 407 V
1098 373 1160 415 40,
1191 374 1208 406 1
1240 383 1260 407 e
1287 371 1390 407 codd.
1416 371 1448 405 E
1466 369 1497 405 F
1515 370 1555 405 M
1572 365 1707 415 ἥκοντα

264 432 289 469 ἰ.
318 445 348 468 e.
377 423 471 478 ἧκον
497 428 540 468 τό
568 460 576 467 .
596 460 605 468 .
637 432 889 479 recipiendum
916 432 976 469 sit.

264 505 445 541 Remanet
482 508 603 541 tamen
644 505 861 541 vocabulum
900 503 1084 541 ἱκνεῖσθαι
1121 506 1161 541 in
1201 506 1362 552 Thucyd.
1393 506 1415 540 I
1448 508 1510 550 99,
1539 508 1582 541 3:
1620 500 1706 552 χρή-

264 580 360 614 ματα
398 562 570 610 ἐτάξαντο
608 561 689 602 ἀντὶ
724 568 799 603 τῶν
824 568 918 603 νεῶν
950 562 991 602 vd
1020 564 1239 614 ἱκνούμενον
1265 564 1439 613 ἀνάλωμα
1466 564 1603 615 φέρειν,
1631 567 1705 611 ubi,

263 642 345 665 cum
371 629 412 663 in
439 629 611 664 adiectivi
638 628 714 664 vim
733 628 820 673 abit,
839 629 1084 674 ,conveniens‘
1099 629 1136 677 ¹)
1154 633 1268 665 sonat.
1322 630 1402 665 Hoc
1428 640 1571 676 quoque
1596 641 1705 665 sensu

262 704 283 727 a
311 703 475 727 sermone
503 691 721 738 scriptorum
739 691 945 727 Atticorum
971 703 1121 738 prorsus
1147 691 1328 728 abhorret.
1382 691 1474 727 Nam
1502 692 1600 739 quod
1618 691 1704 727 olim

263 754 442 790 editiones
476 753 515 788 in
542 752 763 799 Xenophon.
794 753 840 789 de
866 756 988 790 venat.
1016 753 1076 788 IX
1106 756 1153 789 14
1187 754 1451 800 praebuerunt:
1488 752 1616 789 διελεῖν
1641 750 1704 789 καὶ

260 818 307 866 τῇ
343 815 472 864 σειρίδι
502 814 565 851 καὶ
600 816 650 865 τῷ
687 811 781 866 ξύλῳ
814 817 879 862 τῆς
912 817 980 864 γῆς
1006 812 1093 852 οσον
1118 814 1262 859 ιξεσθαι
1291 810 1442 862 ἆμφοῖν,
1478 817 1568 852 haec
1593 816 1703 853 leot-io

261 878 469 915 auctoritati
496 878 670 923 codicum,
699 878 763 926 qui
790 878 967 914 exhibent
982 876 1138 923 ἵζεσθαι,
1162 879 1385 924 refragatum
1399 890 1506 926 quae
1532 878 1704 914 memoria

261 954 335 978 non
361 942 537 978 tentanda
563 945 630 977 est.

261 1012 392 1063 Itaque
437 1013 652 1062 (Aristotele
696 1016 735 1049 et
770 1013 1020 1060 Theophrasto
1062 1013 1241 1060 exceptis)
1285 1014 1382 1049 solus
1397 1013 1432 1060 ²)
1470 1013 1702 1060 Thucydides

260 1089 341 1112 cum
360 1077 546 1112 Herodoto
574 1080 611 1111 et
637 1076 863 1121 Hippocrate
889 1076 989 1119 facit,
1014 1075 1078 1124 qui
1106 1074 1288 1111 ἱκνεῖσθαι
1315 1077 1438 1111 eodem
1467 1088 1575 1112 sensu
1593 1081 1701 1112 utun-

259 1145 318 1174 tur
345 1138 445 1174 hisce
471 1138 583 1174 locis:
619 1137 757 1174 Herod.
786 1138 826 1173 II
854 1141 915 1182 36,
944 1140 985 1173 4:
1025 1139 1116 1173 τοῖσι
1154 1132 1291 1173 ἄλλοισι
1328 1133 1565 1186 ἀνθρώποισι·
1588 1134 1702 1184 νόμος

257 1197 468 1247 ἅμακήδεϊ
491 1195 674 1248 κεκάρθαι
700 1195 765 1242 τοὶς
790 1196 952 1245 κεφαλάς
979 1195 1066 1241 τούς
1093 1196 1245 1245 μάλιστα
1262 1197 1427 1236 ἱκνέεται.
1474 1200 1529 1237 VI
1558 1201 1618 1245 57,
1638 1203 1698 1251 22.

260 1267 321 1309 65,
352 1267 410 1308 13,
440 1267 511 1299 20:
542 1261 769 1309 Λευτυχίδης
796 1259 974 1307 ἀπέφαινε
1000 1257 1064 1298 τόν
1092 1259 1315 1310 Δημάρητον
1341 1259 1411 1299 οὐκ
1440 1259 1698 1309 ἱκνευμένωςῧ)

258 1321 495 1373 βασιλεύοντα
524 1321 711 1373 Σπάρτης.
752 1328 811 1370 84,
834 1328 899 1361 13:
929 1322 1132 1371 Κλεομένεα
1158 1323 1302 1373 λέγουσι
1329 1326 1464 1372 μᾶλλον
1490 1326 1555 1361 τοῦ
1584 1323 1696 1360 ἱκνεο-

259 1387 372 1434 μένου
409 1390 546 1433 μαθεῖν
576 1384 647 1433 τήν
683 1384 955 1434 ἀκρητοποσίην
982 1382 1068 1435 παρ’
1095 1383 1229 1422 αὐτῶν.
1286 1391 1333 1423 86
1354 1401 1389 1432 α,
1420 1391 1485 1423 11:
1514 1386 1553 1423 ἐν
1578 1383 1697 1437 χρόνῳ

258 1447 468 1499 ἱκνευμένῳ.
522 1450 581 1484 ΙΧ
610 1452 671 1492 26,
700 1452 771 1484 32;
808 1449 876 1484 τοῦ
915 1445 954 1483 δὲ
990 1445 1115 1495 ἑτέρου
1149 1448 1212 1496 (sc.
1250 1447 1391 1496 κέρεος)
1429 1445 1551 1495 φαμὲν
1585 1444 1700 1495 ἡμέας
1775 1444 1777 1446 ’

257 1510 444 1548 ἱκνέεσθαι
481 1506 715 1559 ἡγεμονεύειν
760 1511 822 1559 (cf.
854 1524 891 1548 v.
921 1512 990 1548 8⁷:
1031 1510 1175 1547 δίκαιον
1210 1506 1325 1557 η’μέας
1364 1509 1455 1557 ἔχειν
1496 1507 1537 1547 τὸ
1577 1509 1699 1559 ἕτερον

255 1572 392 1622 κέρας).
427 1594 479 1601 -
517 1574 735 1621 Hippocrat.
773 1574 820 1609 de
861 1585 944 1609 aere
990 1573 1095 1621 aquis
1141 1573 1229 1609 locis
1272 1573 1345 1610 vol.
1384 1573 1493 1609 XXI.
1533 1586 1569 1620 p.
1611 1577 1697 1609 534.

254 1639 368 1675 med:
417 1633 686 1686 προγηράσκειν
722 1637 788 1672 τοῦ
823 1631 956 1685 χρόνου
993 1637 1059 1672 τοῦ
1098 1633 1333 1683 ἱκνεομένου,
1372 1637 1417 1672 de
1443 1637 1569 1673 morbo
1596 1649 1697 1673 sucro

254 1702 327 1737 vol.
342 1700 451 1737 XXI.
479 1712 515 1747 p.
538 1703 627 1736 610.
654 1701 729 1735 in.:
764 1698 1003 1747 παρίστανται
1037 1693 1127 1745 ἡμῖν
1164 1698 1355 1747 φροντίδες
1383 1695 1451 1745 οὔχ
1477 1695 1696 1745 ἱκνεύμεναι,

254 1765 299 1799 de
326 1763 469 1801 mulier.
495 1762 632 1799 morbis
657 1762 723 1799 lib.
750 1762 803 1799 ΙΙ.
831 1775 868 1809 p.
898 1765 984 1800 312.
1011 1762 1083 1799 in.:
1121 1758 1211 1809 γάλα
1244 1761 1361 1798 πίνειν
1388 1759 1614 1808 ἱκνεομένως,
1652 1763 1697 1798 de

254 1827 357 1861 fruct.
384 1826 458 1862 vol.
486 1825 636 1861 XXIII.
664 1837 699 1871 p.
734 1828 817 1861 134.
845 1826 959 1860 med.:
987 1822 1026 1860 ἐν
1052 1825 1102 1873 τῷ
1126 1822 1322 1874 ἱκνευμένῳ
1348 1821 1479 1874 χρόνῳ.

224 1901 287 1936 ·Δ
325 1898 565 1945 scriptoribus
609 1897 766 1934 labentis
811 1897 1019 1943 graecitatis
1062 1897 1159 1933 hunc
1203 1897 1370 1934 vocabuli
1408 1909 1512 1933 usum
1556 1897 1696 1935 instau-

251 1963 372 1996 ratum
409 1972 488 1996 esse
515 1961 722 2007 Stephanus
756 1960 796 1994 in
832 1961 1002 1995 thesauro
1030 1960 1287 2007 Wyttenbsch.
1315 1961 1362 1996 ad
1388 1960 1483 1996 Plut.
1522 1962 1567 1996 de
1594 1962 1695 1996 educ.

251 2035 395 2070 pueror.
423 2036 458 2070 p.
479 2027 501 2059 6
521 2023 548 2058 C
576 2023 751 2060 Schaefer
776 2023 822 2058 ad
850 2022 1001 2067 Gregor.
1029 2022 1191 2059 Corinth.
1220 2035 1255 2069 p.
1278 2025 1365 2059 548.
1395 2023 1534 2059 Veioeh.
1562 2035 1599 2069 p.
1619 2027 1693 2059 333
1754 2054 1758 2061 ,

252 2087 502 2122 ostenderunt.

251 2148 418 2184 Ceterum
447 2148 682 2195 Thucydides
709 2143 907 2196 προσήκειν
935 2147 1081 2195 quidem
1108 2148 1342 2192 vocabulum,
1377 2148 1473 2196 quod
1504 2149 1601 2195 apud
1628 2150 1694 2185 At-

337 2295 369 2335 1)
390 2296 503 2324 schoL:
526 2292 562 2337 τὸ
586 2292 760 2336 ἐπιβάλλον.

334 2347 366 2386 2)
387 2346 498 2382 Verba,
531 2356 608 2383 quae
638 2347 720 2384 apud
749 2347 905 2375 Demosth.
931 2345 1036 2374 XLIII
1058 2348 1097 2376 66
1129 2350 1247 2376 exstant
1279 2348 1310 2375 in
1343 2348 1464 2376 oraculo
1487 2347 1639 2384 Delphico
1660 2345 1692 2377 ἐν

249 2398 413 2440 ἱκνουμένᾳ
434 2394 539 2440 οἷμέρᾳ
561 2401 653 2437 paulo
673 2402 743 2437 post
764 2398 796 2438 (ξ
810 2397 876 2438 6¹1.)
897 2398 936 2427 sb
957 2402 1074 2428 oratore
1096 2399 1140 2428 sie
1162 2399 1366 2437 explicantur:
1391 2396 1422 2431 ἐν
1443 2401 1513 2435 ταῖς
1534 2396 1691 2438 καθηκού-

250 2462 304 2483 σαι
448 2462 460 2483 ι
479 2474 486 2481 ·

306 2451 447 2543 ςεῧμίέῖῗ
456 2462 583 2540 gregor.
608 2504 744 2532 Corinth.
767 2513 796 2540 p.
814 2503 885 2532 547.
908 2502 1045 2531 Schuetz
1068 2500 1103 2533 τὸ
1127 2500 1184 2534 οὐκ
1205 2502 1391 2543 ἱκνεομένως
1411 2500 1480 2534 α’ντὶ
1500 2502 1554 2533 τοῦ
1576 2512 1691 2542 προση-

247 2553 377 2594 κόντως,
400 2552 436 2588 οὗ
458 2554 675 2598 καθηκόντως.
