1910 2806
814 72 1044 120 ⁸23...

252 199 254 201 ’
294 179 717 234 Ῥάῑίίατέῖὴασγᾷὶὰοε
743 197 848 222 usum
874 189 911 224 et
937 199 959 223 a
985 188 1115 225 ceteris
1141 185 1378 239 scriptoribus
1400 185 1533 227 Atticis
1546 184 1585 238 ¹)
1612 189 1651 227 et

169 269 172 271 >
212 259 242 289 a·
260 250 377 288 titulis
390 246 425 297 ¹)
462 249 557 286 eius·
574 248 706 298 'aetatis
740 248 923 286 diversum
957 254 1101 288 secutus
1137 264 1219 289 cum
1248 252 1433 290 Herodoto
1469 256 1506 289 et
1532 253 1652 300 poetis

190 313 361 359 'tragicis
397 304 595 366 consentit,
634 323 713 347 cum
749 321 794 359 ρσ
827 324 892 359 pro
929 325 972 360 ρρ
1008 313 1047 348 in
1083 315 1205 351 verbis
1238 316 1359 363 qualis
1386 318 1472 352 sunt
1497 316 1653 363 θαρσεῖν

212 371 330 422 ἔρσην
355 374 518 410 retinuit.
572 374 767 420 Perpaucis
805 378 924 411 autem
962 376 1069 420 locis,
1108 377 1239 423 quibus
1271 382 1334 413 aut
1359 390 1482 414 omnes
1509 378 1651 413 codices

213 437 283 484 (VI
314 439 371 479 11,
399 435 438 482 6)
466 439 529 471 aut
554 447 638 481 pars
665 447 786 471 eorum
799 436 834 482 ³)
862 449 905 483 ρρ
925 437 1112 481 exhibent,
1139 447 1183 484 ρσ
1201 439 1405 484 Thucydidi
1425 440 1649 475 reddendum

214 510 294 535 esse
320 508 434 533 nemo·
452 509 524 532 non
553 497 734 532 concedet.
917 541 920 543 ‚

317 556 394 595 Iam
422 560 466 594 de
493 558 681 596 vocabulis
706 554 876 603 σφάττειν
902 560 981 596 sive
1007 557 1167 606 σφάζειν,
1195 558 1380 608 ἀδυναμία
1406 574 1435 599 s.
1458 557 1650 606 άδυνασία,

214 618 479 658 σκεδάννυσθαι
507 634 534 659 s.
562 620 792 665 σκίδνασθαι,
821 616 1058 671 ἔξαργυρίζειν
1085 636 1112 661 s.
1140 621 1365 673 ἕξαργυροῢν
1391 625 1542 661 dicatur.

319 685 549 731 Thucydides
575 685 652 721 VII
680 687 740 731 84,
771 688 792 720 5
820 686 865 721 ed
893 685 1045 721 Homeri
1071 687 1249 723 Herodoti
1269 687 1504 734 Hippocratis
1531 698 1651 723 exem-

213 748 325 793 plum,
353 748 565 793 quibuscum
593 747 702 782 etiam
729 747 856 791 tragici
874 748 1014 783 faciunt
1027 748 1074 794 ⁴),
1102 745 1251 792 σφάζειν
1269 749 1366 784 dixit
1383 760 1450 794 pro
1469 745 1651 793 σφάττειν,

215 821 321 857 quam
350 809 499 844 formam
528 808 642 844 Attici
676 810 721 844 ed
748 821 859 844 unum
887 821 1020 852 omnes,
1046 809 1087 845 ni
1114 810 1231 855 fallor,
1259 813 1475 856 receperunt
1486 810 1533 856 ⁶).
1588 811 1651 845 Et-

216 871 310 907 enim
348 871 445 919 quod
482 870 621 907 codices
654 870 751 907 Xen.
780 871 897 907 Aneb.
926 871 978 906 IV
1007 874 1040 915 5,
1072 875 1118 908 16
1146 868 1293 916 σφάζειν
1329 872 1525 916 exhibent,
1562 872 1653 908 Din-

214 933 348 969 don-flua
384 934 431 968 ad
466 933 625 980 reliquos
661 933 758 969 locos
795 931 996 969 rectissime
1023 929 1192 978 σφάττειν
1218 934 1392 971 restituit.
1446 935 1580 970 Eadem
1608 935 1652 970 de

213 1007 319 1031 causa
345 995 441 1031 Xen.
470 995 552 1042 Cyr.
579 996 599 1030 I
628 998 661 1038 3,
693 996 737 1030 17
769 995 847 1043 (ubi
874 1008 909 1031 v,
938 995 1064 1044 Dind.)
1090 997 1131 1032 II
1166 1000 1194 1041 l,
1225 999 1271 1032 16
1314 997 1388 1033 VII
1409 999 1442 1041 5,
1468 1000 1517 1033 60
1559 997 1653 1032 VIII.

214 1062 250 1105 4,
271 1060 315 1092 21
330 1071 340 1101 ;
367 1058 412 1092 de
438 1069 476 1092 re
504 1069 585 1104 equ.
617 1060 676 1103 12,
709 1061 724 1092 1
755 1052 923 1104 άρμόζειν
948 1058 989 1093 in
1016 1053 1206 1106 ἁρμόττειν
1232 1060 1443 1098 mutandum
1472 1062 1537 1094 est.
1582 1059 1653 1094 Iun

213 1124 332 1156 autem
358 1120 473 1155 forma
511 1114 659 1163 σφάζειν
688 1120 799 1158 Thuc.
830 1120 903 1155 VII
932 1123 991 1167 84,
1019 1122 1040 1156 5
1079 1120 1219 1156 Polluci
1254 1132 1399 1169 quoque
1434 1120 1544 1166 digna
1572 1120 1651 1156 vise

214 1187 279 1226 est,
308 1194 400 1229 quae
419 1185 616 1225 notaretur,
636 1182 687 1216 VI
711 1185 802 1217 192:
833 1181 1063 1227 Θουκυδίδης
1080 1179 1118 1217 δὲ
1137 1180 1197 1217 καὶ
1218 1181 1370 1227 ἔσφαξεν
1387 1180 1488 1230 λέγει.
1540 1183 1651 1229 Apud

215 1244 438 1280 Herodotum
480 1243 636 1280 occurrit
669 1243 689 1279 I
719 1246 777 1287 45,
812 1247 855 1279 19
891 1244 933 1279 11
961 1247 1022 1292 39,
1050 1248 1072 1280 6
1110 1245 1170 1280 III
1195 1248 1254 1289 11,
1283 1247 1329 1281 10
1367 1245 1446 1292 (ubi
1472 1257 1507 1281 v.
1535 1245 1651 1281 Krne-

216 1308 355 1351 gerum)
384 1307 437 1341 IV
467 1310 528 1350 62,
560 1310 604 1340 18
633 1306 666 1341 V
697 1310 730 1348 5,
760 1307 779 1339 7
812 1307 884 1341 VII
915 1309 998 1348 113,
1028 1309 1085 1350 10,
1114 1308 1208 1353 apud
1227 1307 1487 1353 Hippocratem
1514 1307 1559 1341 de
1576 1309 1650 1342 nst.

215 1370 312 1406 hom.
339 1368 411 1405 vol.
431 1368 540 1405 XXI.
567 1381 602 1415 p.
623 1371 711 1405 355.
731 1381 787 1405 ex.
809 1368 984 1415 (Kuehn.)
1004 1380 1037 1414 p.
1059 1369 1144 1405 357.
1164 1368 1227 1413 in„
1246 1369 1390 1415 epistul.
1409 1369 1482 1406 vol.
1501 1368 1649 1406 XXIII.

214 1444 248 1477 p.
279 1433 363 1466 811.
392 1443 450 1467 eX.

315 1493 386 1528 Pro
414 1489 612 1538 ἀδυναμία,
642 1504 733 1540 quae
762 1493 876 1528 forma
902 1493 999 1539 apud
1017 1495 1188 1536 oratores,
1207 1492 1405 1537 Platonem,
1427 1493 1653 1539 Xenophon-

214 1559 288 1592 tem
315 1558 452 1600 regnat,
483 1555 690 1591 Herodotus
718 1559 754 1590 et
782 1555 1014 1602 Thucydides
1042 1550 1216 1600 άδυνασίη
1243 1567 1270 1590 s.
1299 1549 1478 1589 άδυνασία
1505 1556 1654 1598 hubent,

214 1617 275 1653 hic
304 1617 378 1653 VII
408 1619 442 1661 8,
471 1620 515 1652 2:
554 1612 646 1651 κατά
674 1617 739 1651 τοῦ
767 1614 879 1664 λέγειν
906 1611 1126 1661 άδυνασίανς
1164 1617 1257 1652 VIII
1287 1619 1321 1660 8,
1350 1606 1654 1664 4:⁴xoetmppovn'-

214 1690 340 1722 σαντες
375 1680 447 1715 τῶν
467 1677 682 1725 Ἀθηναίων
720 1674 943 1722 άδυνασίαν,
978 1680 1041 1715 ille
1069 1680 1131 1716 111
1161 1680 1221 1723 79,
1250 1683 1295 1715 3:
1333 1675 1418 1721 τούς
1451 1678 1654 1726 τρωματίας

216 1739 361 1777 ἑωυτῶν
386 1738 502 1777 αὐτοῦ
527 1741 689 1777 λείπουσι
716 1739 778 1777 καὶ
805 1737 1003 1788 α’δυνασίης
1029 1740 1149 1777 ἕνεκεν
1175 1740 1237 1776 καὶ
1256 1768 1266 1778 .
1286 1768 1294 1776 .
1315 1755 1344 1786 .;
1370 1742 1448 1778 VII
1473 1742 1554 1785 172,
1586 1742 1652 1777 17:

215 1800 361 1850 οὐδαμοὶ
388 1800 589 1850 ἀδυνασίης
616 1800 759 1852 ἀνάγκη
786 1802 947 1852 κρέσσων
974 1802 1058 1849 ἔφυ.
1099 1805 1306 1841 Herodotus
1333 1808 1453 1840 tamen
1482 1804 1560 1840 sine
1579 1803 1652 1839 ullo

214 1867 491 1912 significationis
519 1867 728 1903 discrimine
748 1866 858 1903 etiam
877 1862 1060 1913 άδυναμίη
1078 1867 1225 1902 videtur
1242 1877 1432 1912 usurpasse
1453 1866 1546 1901 VIII
1568 1868 1651 1908 111,

219 1929 285 1965 17:
314 1923 485 1964 οὐδέκοτε
512 1924 581 1976 γάρ
600 1930 664 1974 τῆς
683 1926 829 1964 ἑωυτῶν
853 1924 1056 1974 ἀδυναμίης
1074 1925 1140 1974 τὴν
1155 1925 1366 1973 Ἀθηναίων
1384 1923 1540 1972 δύναμιν
1559 1922 1653 1962 εἶναι

213 1989 362 2038 κρέσσω.
415 1991 592 2027 Similiter
618 1990 699 2026 eliis
726 1990 814 2027 locis
842 2002 923 2026 eum
949 1990 1048 2027 inter
1072 1991 1163 2027 duas
1189 1991 1331 2034 formas,
1360 2001 1510 2037 querum
1539 1990 1653 2026 altera

303 2093 333 2131 1)
355 2093 506 2122 Kuehner.
533 2092 585 2121 Gr.
601 2093 654 2122 Gr.
676 2094 699 2121 I.
722 2094 739 2130 ξ
756 2096 806 2123 29.
830 2102 859 2130 p.
878 2095 946 2129 124,
969 2094 1021 2129 qui
1041 2096 1140 2121 tamen
1164 2093 1276 2121 erravit
1296 2102 1363 2121 eum
1384 2093 1537 2122 contendit
1551 2093 1653 2121 Ando-

214 2147 311 2175 cidem
333 2154 451 2182 semper
471 2153 634 2181 usurpasse
656 2153 703 2182 ρσ.
736 2145 901 2174 Andocidis
933 2145 1013 2174 enim
1043 2145 1139 2174 verba
1158 2145 1218 2174 huc
1239 2146 1423 2182 pertinentis
1444 2146 1474 2173 in
1496 2145 1653 2174 codicibus

214 2199 257 2227 sic
278 2199 452 2227 traduntur:
485 2199 508 2226 Ι.
536 2199 610 2226 11⁵1:
640 2193 784 2235 ἀρρένων.
817 2198 857 2225 11.
882 2199 937 2227 16:
970 2193 1143 2236 εὐθαρσεῖν.
1177 2198 1235 2226 111.
1258 2199 1285 2225 3.
1310 2199 1338 2226 9.
1364 2200 1419 2226 15:
1451 2195 1653 2236 Χερρονήσῳ.

213 2251 314 2287 Quare
335 2250 436 2280 nescio
459 2259 498 2278 sn
520 2250 562 2280 11.
588 2250 645 2278 16:
676 2246 836 2288 εὖδαρρεῖν
857 2250 1062 2286 reponendum
1084 2250 1132 2278 sit.
1163 2266 1202 2270 —
1235 2249 1373 2278 Dindorf.
1397 2249 1491 2286 prees.
1514 2250 1553 2278 ud
1575 2249 1654 2279 Xen-

215 2304 285 2341 Cyr.
309 2313 338 2340 p.
354 2303 407 2331 IX.
429 2302 512 2342 (edit.
535 2300 654 2340 Oxon.).

302 2357 334 2392 2)
355 2355 553 2383 Meisterhnns
566 2355 580 2374 ²
604 2363 633 2391 p.
659 2355 708 2383 76.

299 2407 332 2447 3)
354 2408 392 2436 V.
413 2403 526 2444 Poppo.
550 2406 619 2436 edit.
641 2406 711 2435 mai.
733 2407 757 2436 Ι.
785 2408 809 2435 1.
833 2415 861 2444 p.
885 2407 955 2436 209.

299 2460 332 2498 4)
355 2460 402 2490 Cf.
423 2459 568 2489 Lobeckii
589 2459 774 2488 adnotation.
797 2459 834 2487 sd
856 2458 948 2496 Soph.
970 2459 1018 2489 Δί.
1042 2469 1071 2489 v.
1094 2461 1166 2490 4³6.

299 2512 330 2553 5)
351 2513 387 2541 V.
412 2513 557 2549 Krueger.
588 2511 641 2540 Gr.
671 2511 722 2539 Gr.
750 2511 774 2539 Ι.
805 2511 823 2547 ξ
845 2513 895 2540 40.
944 2511 1061 2541 Veitch.
1093 2511 1217 2548 „Greek
1246 2512 1359 2542 verbs“
1391 2520 1421 2549 p.
1456 2513 1527 2541 614.
1580 2510 1655 2540 Her-

218 2565 348 2596 werden.
370 2565 516 2594 Haemos.
538 2564 594 2594 IX.
614 2563 722 2604 (1881)
745 2573 775 2601 p.
797 2564 869 2595 204.

1415 2617 1469 2657 1*
