1910 2806
156 253 289 289 autem
303 249 415 286 verbo
438 247 681 297 principalem
707 247 1008 295 significationem
1034 248 1171 297 ubique
1196 249 1358 298 reliquit.

263 309 520 358 Καταβοᾶν
544 311 650 347 verbi
675 310 893 357 significatio
913 310 1142 358 ,clamoribus
1158 311 1361 348 insectandi
1378 311 1592 348 invshendi‘

155 376 255 412 intra
280 372 459 409 Herodoti
493 376 533 409 et
557 372 781 421 Thucydidis
816 373 1018 409 orationem
1043 373 1242 410 cohibetur.
1294 375 1354 411 Ita
1381 375 1590 412 Herodotus

155 436 304 484 scripsit
331 436 385 472 VI
413 438 474 480 85,
502 438 547 471 2:
575 432 739 481 ἔπεμπον
765 432 804 477 ἐς
830 431 1008 484 Σὰτάρτην
1032 430 1204 484 ἀγγέλους
1230 435 1588 484 καταβοωσομένους.

156 499 267 536 Time.
293 498 315 534 1
341 498 403 542 67,
435 500 477 534 1:
512 492 698 543 κατεβόων
734 498 806 533 τῶν
834 493 1056 543 Ἀθηναίων.
1114 501 1197 543 115,
1224 502 1270 534 2;
1307 495 1492 545 κατεβόων
1515 500 1590 536 ταῖν
1655 530 1657 534 ,

157 560 323 607 Σαμίων.
379 560 411 595 V
438 562 501 605 45,
528 563 573 595 4:
610 553 841 606 Ἀλκιβιάδου
875 558 1131 605 καταβοῶντος
1166 560 1240 596 ταῖν
1277 559 1588 607 Λακεδαιμονίων.

157 624 279 660 Aliam
304 622 381 659 vim
404 622 490 657 huic
513 613 689 658 vocabulo
711 619 944 658 subiecerunt
960 622 1155 667 Sophocles
1172 622 1228 657 El.
1251 623 1374 658 106⁷:
1402 615 1432 672 οἶ
1456 624 1589 669 χθονία

157 684 320 735 βροτοῖσι
346 680 453 731 φάμα
480 679 573 720 κατά
599 696 661 730 μοι
686 680 825 731 βόασον
851 680 1002 731 οἰκτράν
1018 680 1030 734 u
1049 678 1127 720 ὅπα
1153 685 1229 726 τοῖς
1255 679 1374 732 ἔνερθ’
1390 682 1590 734 Ἀτρείδαις

159 760 194 796 q.
221 759 252 784 e.
289 737 458 792 ,elamore
494 747 616 792 perfer
650 758 678 782 s.
717 745 854 782 nuntia
880 745 1043 790 Atridis,
1079 749 1116 782 et
1149 745 1256 781 aliam
1282 747 1470 794 Aristoph.
1496 749 1590 784 Aah.

159 811 231 846 711
261 809 347 857 (D):
374 805 572 855 κατεβόησε
598 803 683 843 δὀἲν
708 803 893 856 κεκραγαὶς
918 804 1067 851 τοξότας
1092 807 1306 856 τρισχιλίους
1322 826 1375 840 =
1405 810 1590 846 clamando

112 903 118 915 ,
158 874 278 908 sutem
297 874 335 907 et
351 870 584 907 vociferando
602 873 810 917 superasset
826 870 1095 916 sagittariorum
1112 870 1184 906 tria
1201 870 1322 915 milia;
1348 871 1393 907 of.
1412 872 1481 920 Eq.
1496 875 1592 907 286:

157 930 434 981 καταβοήσομαι
459 932 561 979 βοοῖν
587 943 627 968 σε
651 949 705 964 =
730 932 918 970 clamando
944 934 1122 979 superabo
1148 935 1195 969 te.

264 996 460 1032 Occasione
487 995 608 1031 oblatu
634 1006 831 1031 memorare
857 994 967 1031 liceat
993 994 1243 1042 Thucydidem
1278 996 1454 1031 vocabulo
1485 1009 1593 1032 κατα-

158 1055 229 1106 βοή
258 1060 280 1095 Ι
305 1059 367 1103 73,
399 1062 415 1094 1
472 1058 568 1094 VIII
596 1061 656 1101 85,
684 1061 707 1093 2
736 1058 803 1105 (=
830 1057 1054 1103 criminatio,
1094 1057 1314 1105 convicium)
1356 1058 1451 1094 VIII
1480 1059 1539 1103 87,
1569 1063 1591 1094 3

158 1121 228 1169 (=.
253 1132 387 1167 rumor,
418 1120 528 1167 fama)
564 1131 669 1155 usum
706 1131 727 1155 a
762 1119 940 1166 Dionysio
968 1119 1086 1154 Halic.
1114 1119 1219 1165 epist.
1247 1120 1292 1154 ad
1320 1122 1399 1156 Am.
1427 1120 1479 1156 Π.
1507 1133 1537 1156 c.
1557 1124 1592 1157 8.

161 1184 422 1230 reprehensum
448 1194 537 1226 esse,
563 1186 605 1218 ut
631 1193 724 1230 quae
749 1194 823 1218 vox
850 1181 960 1217 nimis
986 1181 1129 1228 poetica
1156 1186 1262 1219 esset.
1307 1186 1360 1218 At
1387 1195 1451 1219 suo
1478 1183 1595 1230 ipsius

158 1245 279 1292 gladio
306 1257 346 1282 se
365 1244 561 1291 iugulavit,
588 1256 669 1280 oum
695 1240 859 1291 καταβοή
885 1244 925 1280 in
951 1248 1026 1281 ant.
1053 1246 1098 1292 B.
1118 1244 1317 1292 reciperet:
1344 1258 1379 1283 v.
1400 1245 1539 1293 Poppo.
1557 1250 1595 1282 et

161 1310 335 1354 Krueger.
363 1308 409 1343 ad
434 1307 546 1344 Thuc.
572 1307 594 1342 1
622 1307 682 1343 73.
734 1306 856 1343 Secuti
881 1312 967 1343 sunt
992 1306 1067 1354 alii,
1104 1319 1257 1355 quorum
1282 1308 1459 1352 nonnulli,
1495 1309 1593 1345 Piut.

161 1370 333 1406 Themist.
362 1370 395 1405 7.
424 1373 485 1407 28.
522 1369 650 1405 Periol.
683 1373 729 1404 14
749 1397 757 1405 .
777 1397 785 1404 .
807 1396 840 1415 .,
875 1369 1023 1405 Diodor.
1052 1369 1086 1406 V
1116 1372 1174 1414 11,
1203 1373 1247 1414 2,
1286 1370 1461 1417 ΔΡΡίαιι.,
1496 1371 1592 1407 Cass.

161 1432 206 1468 D.
233 1431 409 1468 XXXIX
437 1434 497 1475 59,
526 1434 548 1466 2
591 1431 703 1466 XLII
735 1425 793 1478 16,
820 1434 843 1465 2
871 1432 980 1467 etiam
1006 1430 1193 1477 καταβοᾶν
1219 1436 1451 1468 renovarunt.

269 1497 299 1530 A
327 1495 438 1530 verbo
474 1495 747 1537 καταινεῖν,
783 1493 880 1541 quod
907 1493 1019 1530 Thuc.
1047 1493 1103 1531 IV
1133 1495 1217 1538 122,
1247 1497 1289 1530 3:
1323 1489 1596 1542 Ἀριστώνυμος

161 1559 236 1599 τοῖς
273 1543 338 1601 μὲν
373 1551 493 1597 ἄλλοις
507 1555 543 1602 1)
578 1551 726 1605 κατῄνει
758 1558 896 1599 exstat,
932 1558 1053 1591 utrum
1089 1555 1223 1602 reliqui
1258 1544 1453 1602 scriptores
1477 1557 1596 1594 Attici

160 1617 312 1657 consilio
339 1617 593 1660 abstinuerint,
620 1629 667 1654 an
694 1617 788 1654 forte
814 1616 988 1653 acciderit
1014 1621 1056 1654 ut
1081 1618 1178 1664 apud
1199 1629 1260 1654 eos
1287 1629 1360 1654 non
1379 1619 1594 1666 reperiatur,
1671 1653 1673 1656 .

162 1683 357 1719 decernere
387 1693 462 1717 non
489 1681 615 1717 audeo.
667 1680 893 1717 Herodotum
931 1692 973 1716 so
1009 1681 1166 1725 gaudere
1203 1683 1346 1726 praeter
1381 1682 1548 1728 exempla
1574 1682 1595 1718 a

163 1744 505 1791 Schweighaeusero
533 1745 704 1789 congesta
731 1745 789 1779 ex'
804 1742 862 1779 his
888 1742 977 1778 locis
1004 1742 1176 1789 patefiet:
1202 1743 1265 1778 111
1296 1746 1379 1788 144,
1403 1746 1447 1780 5:
1472 1757 1595 1780 καται-

163 1805 332 1848 νέσαντος
364 1804 425 1843 ἐπὶ
451 1802 612 1841 τούτοισι
634 1802 805 1841 Ὀτάνεω.
859 1805 913 1842 IV
942 1808 1002 1849 80,
1030 1808 1097 1841 16:
1124 1800 1146 1840 ό
1170 1800 1447 1855 Ὀκταμασάδης
1473 1820 1596 1843 καται-

162 1868 235 1906 νέει
261 1870 384 1905 ταῦτα.
440 1869 474 1905 V
502 1871 563 1913 82,
594 1871 654 1906 15.
696 1868 748 1904 VI
776 1871 836 1912 62,
877 1868 914 1911 7,
944 1870 1002 1904 13.
1055 1868 1165 1914 Apud
1195 1871 1319 1914 poetas
1344 1868 1502 1913 tragicos
1524 1870 1596 1906 hoc

163 1932 379 1969 vocabulum
404 1931 465 1967 hic
490 1931 568 1967 illic
595 1930 888 1977 deprehenditur.

270 1994 507 2041 Κομπεῖν,
546 1994 644 2042 quod
676 1993 773 2040 apud
807 1996 952 2040 poetas,
990 1992 1167 2039 imprimis
1201 1992 1357 2039 tragicos
1383 1993 1595 2040 increbruit,

164 2057 273 2094 etiam
299 2058 345 2093 ab
372 2056 508 2092 Herod.
537 2056 569 2094 V
597 2059 658 2099 41,
679 2059 723 2092 8:
751 2051 907 2101 φάμενοι
934 2050 1051 2101 αὐτὴν
1075 2052 1246 2101 κομπέειν
1272 2050 1399 2100 ἄλλως,
1428 2056 1595 2105 Thucyd.

164 2119 219 2156 VI
258 2120 316 2163 17,
345 2122 390 2155 5:
427 2113 506 2154 οὔδ’
539 2113 682 2154 ὁπλῖται
719 2113 794 2154 οὔτ’
831 2115 980 2159 ἐκείνοις
1016 2114 1138 2165 (εἰσὶν)
1174 2113 1331 2165 ὅσοιπερ
1366 2120 1598 2164 κομποῧνται

165 2177 248 2218 οὔτε
266 2208 274 2217 .
296 2181 397 2218 ..IV
427 2184 511 2225 126,
549 2184 592 2217 6.-
631 2178 671 2216 οἰ
701 2180 860 2216 τοιοῦτοι
897 2175 995 2225 ὄχλοι
1030 2175 1072 2214 τό
1112 2174 1278 2227 ἀνδρεῖον
1316 2178 1597 2228 ἕπικομποῢσιν.

167 2244 259 2281 VIII
286 2246 346 2288 81,
377 2246 418 2280 3:
452 2237 658 2290 ὑπισχνεῖτο
694 2238 779 2287 τάδε
818 2239 965 2291 μέγιστα
1002 2239 1215 2288 ἐπικομπῶν
1252 2237 1275 2279 ό
1298 2238 1535 2292 Ἀλκιβιάδης
1560 2249 1599 2282 et

103 2306 107 2309 “
164 2306 427 2343 recentioribus
462 2306 698 2352 scriptoribus
731 2309 917 2351 receptum
953 2308 1019 2341 est.
1073 2298 1272 2342 Usitatiora
1299 2311 1386 2343 sunt
1421 2319 1501 2343 cum
1529 2308 1601 2344 alia

166 2372 243 2406 tum
271 2364 560 2413 ἀλαζονεύεσθαι.

269 2433 320 2470 Ut
345 2432 553 2468 Herodotus
579 2432 600 2466 I
630 2434 689 2475 59,
718 2434 788 2466 34:
816 2428 876 2467 ἐπὶ
903 2432 994 2466 τοῖσι
1020 2431 1236 2467 κατεστεῶσι
1263 2429 1364 2478 ἔνεμε
1390 2427 1456 2478 τὴν
1483 2429 1600 2470 πόλιν.

253 2571 285 2606 1)
307 2568 451 2599 nativum
473 2566 571 2597 Stahl.
591 2566 656 2596 iure
678 2565 865 2603 proscribere
886 2569 916 2595 et
937 2566 1143 2596 accusativum
1164 2576 1321 2605 reposcere
1342 2567 1470 2597 videtur.

240 2618 244 2624 .
1354 2619 1403 2655 3·
