1910 2806
880 46 1037 92 .-,50
1092 68 1139 80 .-

390 154 421 192 Ε
448 166 645 202 permagne
671 155 851 192 Herodoti
879 157 1128 203 exemplorum
1154 157 1260 206 copia
1279 158 1368 195 haec
1386 158 1570 206 decerpsi:
1599 157 1624 196 1-
1636 162 1672 205 2,
1691 159 1727 195 9.

287 223 349 264 28,
371 223 414 255 2:
443 216 501 254 ἐπὶ
525 217 646 254 Φᾶσιν
664 231 702 253 π.
742 222 776 263 6,
792 223 835 255 2:
865 214 1110 261 ἐντδς”Ἀλυος
1127 233 1164 255 π.
1203 221 1242 256 11
1260 224 1345 267 103,
1364 224 1427 257 12³
1446 219 1530 268 περὶ
1551 221 1672 258 Φᾶσιν
1687 235 1726 259 π.

291 284 373 326 104,
397 283 464 316 14:
492 278 574 327 περὶ
593 277 837 327 Θερμώδοντα
863 279 924 315 καὶ
946 279 1158 328 Παρθένιον
1176 294 1213 317 π.
1252 284 1310 318 111
1333 286 1417 326 122,
1437 286 1479 319 δε
1506 278 1597 331 ὑπὲρ
1626 284 1727 319 Μαι-

285 339 424 391 άνδρου
440 355 478 379 π.
507 342 560 378 IV
582 344 642 386 81,
664 346 706 379 5:
725 338 856 389 μεταξύ
878 340 1129 390 Βορυσθένεος
1146 357 1183 379 π.
1214 348 1275 390 86,
1295 349 1334 382 9:
1362 343 1420 382 ἐπὶ
1435 341 1675 393 »Θερμώδοντι
1688 359 1725 382 π.

285 406 317 440 V
337 409 387 441 92
401 418 437 450 η,
458 408 502 440 9:
538 400 591 440 ἐπ’
622 401 810 451 Ἀχέροντα
838 418 876 441 π.
923 408 984 450 98,
1005 410 1049 442 5:
1088 402 1164 442 ἀπὸ
1199 401 1413 455 Στρυμόνος
1439 421 1478 443 π.
1529 409 1583 444 VI
1603 411 1662 452 84,
1683 412 1726 444 8:

284 464 386 516 παρὰ
408 467 529 503 Φᾶσιν
547 480 584 503 π.
615 467 690 504 VII
709 470 770 511 26,
789 471 856 503 12:
876 464 1103 516 Μαιάνδρου
1122 482 1159 505 π.
1192 473 1275 514 103,
1290 474 1341 506 -92
1358 466 1493 512 ἰἍλυος
1511 483 1548 506 π.
1583 474 1666 515 124,
1681 475 1725 507 9:

286 527 338 566 ἐπ’
369 525 474 580 Ἀξίῳ
502 543 539 566 π.
576 530 653 577 (sed
680 530 758 566 VII
792 533 875 574 123,
909 533 976 566 19:
1015 529 1074 566 ἐπὶ
1100 527 1165 568 τόν
1191 527 1308 575 Ἀξιόν
1335 534 1388 578 π.)
1450 533 1534 577 127,
1556 536 1598 571 6:
1626 531 1726 580 μέχρι

285 591 434 629 Λυδίεω
461 604 499 628 π.
546 593 632 637 176,
662 593 705 628 11
722 606 732 626 .·
759 588 852 627 κατὰ
882 592 1041 629 Φοίνικα
1069 606 1105 630 π.
1134 614 1183 620 --

391 697 548 733 Articuli
575 709 700 740 usum,
740 697 803 744 qui
830 698 1007 734 Herodoti
1037 698 1262 746 Homerique
1296 699 1471 747 loquendi
1498 699 1727 735 eonsuetudi-

285 772 367 796 nem
396 759 568 803 redoleat,
595 758 635 794 in
653 759 766 796 Thuc.
787 760 805 794 I
825 760 886 804 87,
908 762 950 796 1:
985 761 1143 796 Τοιαῦτα
1171 758 1209 796 δὲ
1235 759 1337 804 λέξας
1365 757 1588 808 ἐπεψήφιζεν
1608 756 1726 806 ,αὐτὸς

285 821 422 869 ἔφορος
460 816 512 857 όίν
548 819 604 870 [ἐς
634 817 701 867 τὴν
729 819 919 868 ἐκκλησίαν
946 824 1017 858 τῶν
1045 822 1375 871 Λακεδαιμονίων]
1431 819 1452 860 ό
1480 821 1519 860 δὲ
1547 824 1725 871 (κρίνουσι

285 881 354 933 γὰρ
373 883 443 933 βοῇ
463 883 526 919 καὶ
545 881 589 920 οὐ
609 880 745 934 ψήφῳ)
766 882 836 920 οὐκ
851 883 922 930 ἔφη
937 881 1211 933 διαγιγνώσκειν
1230 882 1296 931 τὴν
1314 883 1407 932 βοήν
1426 882 1584 933 ὁποτέρα
1600 887 1727 932 μείζων

286 953 323 983 et
340 948 513 994 Xenoph.
534 949 648 983 Anah.
661 948 717 983 IV
737 951 770 990 2,
783 951 826 982 6:
854 945 893 982 οἱ
910 944 948 982 δὲ
966 945 1106 993 ἔχοντες
1123 944 1185 983 τόν
1209 943 1368 994 ἡγεμόνα
1388 945 1509 997 κύκλῳ
1528 945 1727 995 περιιόντες

243 1047 245 1049 ,
285 1004 606 1055 καταλαμβάνουσι
633 1004 720 1050 τούς
748 1005 915 1052 φύλακας
942 1005 1039 1054 ἀμφὶ
1067 1011 1141 1055 πῦρ
1169 1008 1424 1055 καθημένους·
1457 1008 1519 1045 καὶ
1546 1006 1633 1052 τούς
1660 1008 1726 1055 μὲν

286 1067 562 1112 ἀποκτείναντες
588 1066 675 1113 τούς
702 1067 740 1105 δὲ
767 1067 1052 1113 καταδιώξαντες
1079 1067 1183 1106 αὐτοὶ
1213 1066 1362 1107 ἐνταῦθ’
1392 1070 1534 1116 ἕμεινον
1556 1067 1606 1116 οἷς
1623 1070 1725 1107 κατέ-

286 1145 407 1181 χοντες
433 1128 475 1168 τό
504 1127 630 1180 ἄκρον.
659 1130 707 1168 οἷ
732 1129 779 1168 δὲ
809 1128 854 1168 οὔ
883 1134 1058 1180 κατεῖχον,
1089 1127 1176 1169 ἀλλὰ
1197 1161 1205 1170 .
1227 1161 1235 1169 .
1259 1161 1265 1169 .
1297 1138 1441 1177 egestare
1467 1134 1635 1171 nonnulli
1654 1134 1725 1170 viri

285 1198 383 1233 docti
418 1196 652 1232 contendunt.
717 1195 925 1232 Herodotus
960 1196 1058 1231 enim
1096 1200 1133 1232 et
1168 1196 1348 1232 Homerus
1387 1197 1484 1232 haud
1518 1208 1600 1232 raro
1639 1198 1726 1232 duas

202 1270 225 1292 ’.
285 1258 555 1298 enuntiationes
581 1257 782 1305 primarias,
810 1270 1028 1306 quamquam
1055 1270 1179 1294 eorum
1206 1259 1369 1295 subiecta
1396 1259 1519 1294 eadem
1545 1263 1639 1303 sunt,
1668 1271 1726 1294 co—

286 1326 439 1358 nectunt
474 1333 540 1367 per
577 1315 597 1355 ό
630 1317 670 1355 δὲ
703 1321 781 1355 sive
809 1316 854 1354 σι)
883 1318 932 1366 δὲ,
959 1315 1063 1366 ’ἡμεῖς
1091 1318 1158 1357 δὲ.
1179 1347 1188 1356 .
1212 1321 1263 1366 ¹),
1300 1321 1404 1357 velut
1430 1322 1539 1356 Hom.
1570 1320 1602 1355 Θ
1630 1324 1724 1356 321:

286 1380 398 1425 αὐτός
432 1379 466 1417 δ’
509 1380 549 1417 ἐκ
585 1380 732 1427 δίφροιο
767 1379 877 1427 χαμαὶ
904 1377 998 1429 θόρε
1026 1378 1320 1427 παμφανόωντος
1336 1381 1346 1431 Η
1367 1379 1565 1429 σμερδαλέα
1594 1378 1725 1427 ἰάχων·

285 1443 307 1482 ὅ
335 1443 375 1481 δὲ
401 1440 598 1492 χερμάδιον
624 1440 712 1489 λάβε
739 1443 838 1491 χειρί.
881 1444 1015 1480 Herod.
1037 1446 1055 1479 Ι
1074 1446 1130 1488 17,
1152 1447 1195 1480 9:
1225 1440 1404 1490 οἰκήματα
1431 1440 1496 1489 μὲν
1523 1439 1606 1479 οὔτε
1625 1442 1726 1480 κατέ-

284 1508 389 1556 βαλλε
417 1503 500 1543 οὔτε
538 1505 738 1553 ἐνεπίμπρη
767 1502 850 1542 οὔτε
876 1502 998 1554 θύρας
1027 1503 1178 1549 ἆνέσπα,
1215 1505 1255 1542 ἔα
1292 1503 1331 1541 δὲ
1358 1502 1450 1542 κατά
1477 1503 1598 1554 χοίρην
1625 1502 1727 1543 ἕστα-

282 1651 419 1692 ’Δροὶξην
441 1662 472 1682 π.
517 1654 547 1688 5,
572 1654 607 1680 1:
631 1649 683 1682 τόν
705 1647 879 1690 Εὐφράτην
901 1661 932 1682 π.
978 1653 1007 1687 5,
1030 1654 1066 1680 4:
1097 1649 1148 1681 ἐπὶ
1169 1649 1222 1682 τὸν
1244 1649 1380 1681 Μάσκαν
1401 1661 1430 1681 π.
1475 1653 1504 1687 5,
1528 1653 1565 1680 5:
1587 1648 1639 1681 τὸν
1662 1647 1723 1681 Εὖ-

282 1703 405 1744 φράτην
426 1713 458 1734 π.
504 1705 534 1739 5,
559 1705 615 1732 1οι
644 1701 738 1740 πέραν
760 1702 814 1732 τοῦ
837 1699 1010 1741 Εὐφράτου
1032 1711 1063 1732 π.
1109 1704 1137 1738 7,
1165 1704 1222 1731 15:
1245 1698 1306 1732 α’πό
1330 1701 1382 1732 τοῦ
1406 1699 1576 1741 Εὐφράτου
1598 1711 1640 1739 π.,
1663 1697 1724 1733 α’πό

282 1756 336 1788 τοῦ
359 1755 516 1795 Τίγρητος
536 1765 570 1786 π.
615 1756 644 1792 8,
667 1756 705 1784 4:
736 1751 815 1792 πρὸς
843 1754 888 1795 τῷ
921 1750 1086 1794 Εὖφρᾶτῳ
1108 1763 1138 1784 π.
1184 1754 1213 1782 11
1236 1755 1265 1791 ²,
1289 1755 1324 1783 3:
1359 1750 1376 1785 ὁ
1399 1752 1521 1793 Τίγρης
1542 1764 1572 1784 π.
1615 1757 1644 1790 4,
1669 1756 1725 1784 13:

283 1805 344 1840 οἱπό
368 1808 423 1839 τοῦ
446 1806 602 1847 Τίγρητος
623 1817 667 1843 π.,
689 1805 741 1837 ἐπὶ
761 1805 815 1837 τὸν
838 1805 981 1846 Τίγρητα
1002 1816 1032 1836 π.
1076 1809 1105 1842 4,
1131 1808 1168 1834 17
1179 1817 1186 1835 :
1209 1806 1273 1836 τοῦ·
1287 1804 1443 1845 Τίγρητος
1464 1816 1495 1836 π.
1540 1809 1571 1842 4,
1596 1808 1652 1837 25;
1675 1804 1725 1836 ἐπὶ

283 1858 337 1892 τὸν
360 1857 489 1891 Φύσκον
511 1869 543 1889 π.
586 1862 616 1893 4,
639 1860 697 1888 28:
727 1856 780 1889 τὸν
803 1857 947 1897 Τίγρητα
968 1868 1001 1888 π.
1046 1861 1074 1894 5,
1101 1861 1136 1887 1:
1169 1856 1219 1888 ἐπὶ
1249 1855 1300 1889 τὸν
1332 1856 1474 1889 Ζατάταν
1495 1868 1527 1888 π.
1568 1859 1613 1886 111
1636 1860 1664 1894 3,
1687 1860 1724 1888 6:

236 1915 239 1918 ’
281 1910 335 1943 τὸν
351 1909 495 1942 Ζατάταν
517 1920 547 1940 π.
593 1912 623 1947 4,
648 1912 683 1939 6:
708 1907 758 1939 ἐπὶ
772 1907 824 1940 τόν
840 1908 984 1948 Τίγρητα
1004 1919 1035 1939 π.
1081 1911 1109 1944 5,
1134 1912 1167 1937 1:
1191 1907 1273 1947 παρὰ
1289 1906 1340 1940 τὸν
1356 1907 1498 1949 Τίγρητα
1513 1918 1545 1939 π.
1587 1910 1629 1938 lv
1645 1912 1672 1945 1,
1688 1911 1724 1938 2:

284 1962 300 1996 ὁ
325 1962 380 2003 μὲν
403 1962 526 2003 Τίγρης
547 1973 577 1994 π.
625 1965 652 1999 1,
677 1964 712 1992 3:
734 1961 789 1993 τοῦ
812 1960 969 2001 Τίγρητος
989 1972 1020 1993 π.
1066 1963 1096 1998 3,
1120 1964 1154 1991 1:
1188 1959 1271 2000 παρὰ
1292 1959 1345 1993 τὸν
1369 1960 1537 2001 Κεντρίτην
1559 1972 1590 1992 π.
1633 1965 1664 1999 4,
1688 1965 1723 1993 8:

281 2017 335 2046 τοῦ
351 2015 510 2054 Τίγρητος
530 2025 574 2052 π.,
597 2013 648 2044 ἐπὶ
669 2012 721 2044 τὸν
737 2012 903 2053 Τηλεβόαν
925 2023 955 2043 π.
1002 2016 1029 2048 5,
1055 2017 1092 2042 2:
1116 2012 1165 2043 ἐπὶ
1187 2012 1240 2043 τὸν
1259 2010 1432 2052 Εὐφράτην
1454 2023 1485 2043 π.
1529 2016 1558 2047 6,
1581 2016 1619 2042 4:
1641 2011 1723 2051 παριὶ

280 2066 333 2099 τὸν
355 2066 459 2098 Φᾶσιν
481 2076 511 2097 π.
556 2067 616 2095 VII
638 2067 667 2102 8,
694 2068 751 2096 18:
783 2062 836 2096 τὸν
867 2062 1036 2104 Κάρκασον
1066 2075 1095 2095 π.
1139 2065 1279 2101 Xenoph.
1309 2065 1428 2094 Hellen.
1458 2065 1503 2093 111
1532 2066 1562 2099 4,
1586 2067 1641 2095 22:
1671 2062 1724 2095 τᾶν

282 2116 457 2150 Πακτωλὸν
479 2128 509 2149 π.
543 2119 587 2147 IV
602 2120 633 2154 8,
650 2119 704 2147 80:
728 2116 772 2152 εἰς
793 2114 846 2148 τὸν
868 2113 1092 2155 Εὐρυμέδοντα
1114 2127 1144 2147 π.
1181 2118 1281 2152 V114,
1298 2118 1357 2148 29:
1380 2115 1431 2147 ἐπὶ
1452 2115 1507 2146 τοῦ
1530 2115 1677 2147 Κλαδάου
1693 2125 1722 2146 π.

279 2171 418 2207 Xenoph.
442 2170 514 2207 Cyr.
537 2170 581 2198 VI
604 2171 632 2204 2,
658 2172 714 2198 11:
748 2165 831 2207 ἀμφὶ
860 2165 913 2199 τὸν
937 2165 1109 2198 Πακτωλὸν
1131 2178 1162 2198 π.
1208 2168 1266 2196 VII
1289 2169 1316 2202 3,
1342 2169 1377 2195 4³
1410 2164 1486 2206 πρὸς
1514 2164 1567 2198 τόν
1590 2165 1724 2197 Πακτω-

280 2220 330 2255 λὸν
352 2232 384 2253 π.
428 2222 567 2259 Xenoph.
591 2222 682 2259 Ages.
707 2222 723 2250 1
745 2222 804 2251 30:
827 2217 879 2251 τὸν
903 2219 1076 2251 Πακτωλὸν
1099 2230 1129 2251 π.

363 2276 411 2304 Ab
427 2275 573 2304 Herodoti
595 2278 625 2303 et
643 2274 830 2310 Thucydidis
850 2274 933 2308 loeis,
955 2282 1030 2309 quos
1052 2283 1144 2309 supra
1167 2273 1298 2308 nudavi,
1315 2274 1441 2301 multum
1457 2273 1617 2301 differunt:
1644 2272 1723 2301 Plat.

278 2328 405 2355 Axioeh.
428 2336 458 2363 p.
474 2327 545 2355 371.
559 2327 602 2354 B:
625 2323 767 2365 ποταμὸς
787 2320 934 2365 ’Δχέρων.
958 2325 1026 2361 Rpl.
1041 2334 1070 2361 p.
1087 2326 1156 2354 391.
1182 2325 1226 2352 B:
1257 2323 1311 2354 τοῦ
1335 2321 1439 2361 ἐτέρου
1460 2321 1599 2361 ποταμοῦ
1622 2321 1723 2360 Σπερ-

279 2379 374 2419 χειοῦ.
419 2379 560 2415 Xenoph.
584 2379 682 2407 Anab.
707 2379 733 2407 V
757 2380 785 2413 3,
809 2378 844 2407 8:
878 2374 965 2416 ἔτυχε
995 2375 1144 2416 διαρρέων
1175 2373 1226 2408 διὰ
1257 2375 1312 2407 τοῦ
1335 2374 1449 2416 χωρίου
1471 2372 1611 2413 ποταμὸς
1633 2373 1723 2404 Σελι-

278 2430 359 2465 νοῦς.
404 2430 469 2461 Ka:
499 2428 529 2460 έν
551 2427 682 2469 Ἐφέσῳ
706 2429 854 2463 Σελινοῦς
886 2426 1024 2466 ποταμὸς
1056 2430 1209 2467 παραρρεῖ
1227 2428 1279 2466 (es.
1301 2429 1317 2456 1
1333 2430 1362 2463 2,
1378 2429 1428 2458 23.
1460 2429 1491 2462 4,
1506 2429 1535 2455 4.
1573 2426 1616 2454 VI
1633 2428 1662 2461 2,
1679 2424 1721 2464 3).

279 2483 315 2511 V.
340 2483 486 2517 Krueger.
512 2482 565 2511 Gr.
591 2481 644 2510 Gr.
668 2482 690 2510 1.
714 2482 763 2511 50.
788 2482 817 2511 ’1.
843 2483 870 2509 1.

366 2533 395 2580 1)
418 2534 456 2566 V.
479 2534 627 2571 Krueger.
652 2533 704 2562 Gr.
729 2533 780 2562 Gr.
803 2534 843 2562 11.
868 2533 885 2571 ξ
910 2533 958 2561 50.
984 2533 1009 2560 1.
1038 2532 1085 2562 10.
