1910 2806
826 93 1087 135 -40-

230 198 323 239 Quis
361 200 603 237 recentiorum
640 199 857 248 scriptorum
902 197 1068 249 σπέρχειν
1111 200 1300 248 receperit,
1347 199 1483 237 Matth.
1513 199 1576 238 Gr.
1612 200 1675 245 Gr,

229 265 404 299 Kuehner
430 263 492 299 Gr.
521 263 583 299 Gr.
625 263 766 301 Veitch.
793 264 818 300 1.
845 263 868 299 1.
909 264 1074 309 Krueger
1101 264 1146 300 sd
1174 264 1337 312 ssucyd.
1364 263 1418 300 IV
1448 266 1494 299 12
1534 264 1683 300 Bloom-·

230 326 327 363 field.
355 326 400 361 ad
427 325 591 373 Thucyd.
619 325 673 361 IV
696 328 768 363 126
796 325 971 362 indicant.
999 345 1051 353 —
1078 326 1303 363 Adverbium
1336 327 1380 362 ab
1410 326 1533 362 eadem
1562 326 1676 373 stirpe

232 391 351 424 ortum
379 385 604 435 ἐπισπερχῶς
634 388 675 424 in
701 388 875 435 Xenoph.
903 388 984 435 Oyr.
1011 389 1067 426 IV
1100 392 1130 433 1,
1160 393 1181 425 3
1211 391 1341 426 exstat.
1397 387 1503 427 Quod
1528 388 1674 436 Sauppe

230 450 269 486 in
296 450 456 496 lexilogo
484 451 655 498 Xenoph.
690 451 770 487 iure
801 451 898 488 inter
925 463 968 488 ea
994 452 1138 488 rettulit
1164 452 1363 498 vocabula,
1401 464 1492 500 quae
1521 464 1565 498 „a
1591 464 1676 489 con·

232 513 427 549 suetudine
455 513 674 559 optimorum
700 513 919 559 scriptorum
946 515 1155 550 reoedunt“.

335 575 467 612 Ionum
488 587 587 613 more
607 570 949 624 ὑποκρίνεσθαι
961 588 973 612 ι
994 588 1061 623 pro
1079 570 1344 626 ἀποκρίνεσθαι
1356 576 1586 626 Thucydides
1599 577 1675 615 VII

232 642 293 682 44,
323 642 343 674 5
386 639 574 675 adhibuit:
612 635 653 674 το“
683 634 864 675 δ’ἐκείνων
892 635 1098 686 (σύνθημα)
1134 635 1201 686 οὐχ
1228 635 1364 686 ὁμοίως
1389 634 1584 686 ἠπίσταντο
1623 638 1677 686 (οἱ

229 695 438 747 Ἀθηναῖοι)
477 696 538 736 διὰ
565 696 604 737 vd
634 702 861 749 κρατοῦντας
895 696 1032 744 auroris·
1064 699 1124 738 καὶ
1156 697 1207 748 μὴ
1244 699 1527 749 διεσπασμένους
1561 693 1675 748 ἧσσον

231 759 459 811 ἀγνοεῖσθαι,
490 759 569 800 ὥστ’
597 760 712 810 εἰμὲν
733 760 917 811 ἐντύχοιέν
943 774 1015 800 τισι
1040 764 1225 812 κρείσσους
1253 761 1355 807 ὅντες
1381 766 1455 801 τῶν
1481 763 1673 811 πολεμίων,

231 822 425 873 διέφευγον
461 822 598 868 αὐτούς
633 821 696 861 ’ἅτε
730 824 878 861 ἐκείνων
912 823 1141 871 ἐπιστάμενοι
1168 822 1209 861 τὸ
1237 822 1420 872 ξύνθημα,
1448 825 1481 862 εἰ
1505 822 1537 861 δ’
1570 821 1674 862 αὐτοὶ

232 882 283 935 μὴ
301 882 558 937 ὑποκρίνοιντο
580 886 848 938 διεφθείροντο.
871 877 952 928 Quo
972 889 1051 926 loco
1070 889 1139 927 etsi
1158 889 1237 927 cod.
1251 890 1289 926 M
1302 883 1558 938 ἅποκρίνοιντο
1572 901 1674 937 prae-

233 953 316 996 bet,
352 952 458 988 libris
486 952 634 999 optimis
661 964 728 988 nec
756 964 829 988 non
856 952 1075 989 testimoniis
1102 949 1441 999 lexicographorum
1459 956 1622 989 veterum
1640 954 1673 998 1)

233 1015 357 1051 Photii
373 1014 505 1051 Suidae
524 1014 738 1062 (Eustathii)
762 1014 963 1053 Phnvorini
982 1017 1102 1063 Etym.
1123 1016 1172 1052 M.
1191 1015 1263 1052 nisi
1279 1010 1537 1064 ὑποκρίνοιντο
1550 1019 1675 1052 contra

232 1079 366 1113 Naber.
395 1078 457 1123 (ad
484 1078 591 1113 Phot.
625 1090 653 1113 s.
672 1090 707 1113 v.
738 1072 1004 1125 ὑποκρίνεσθαι
1031 1079 1112 1113 adn.
1134 1078 1185 1123 7.)
1216 1078 1420 1113 Bekkerum
1446 1078 1674 1124 Kruegerum

231 1139 343 1175 ceteri
366 1139 523 1175 editores
558 1143 596 1175 et
623 1139 799 1185 Georgius
826 1137 972 1176 Gurtius
999 1139 1185 1187 (Berichte
1212 1140 1247 1176 d.
1278 1140 1394 1177 siichs.
1413 1139 1610 1176 Gesellsoh.
1639 1141 1674 1176 d.

232 1201 453 1236 Wissensch.
488 1204 598 1237 1866.
625 1202 749 1238 Ph.-h.
779 1201 919 1245 Klasse,
946 1214 982 1248 p.
1014 1204 1113 1247 150.)
1145 1214 1283 1238 summo
1311 1202 1391 1237 iure
1419 1203 1673 1238 defenderunt.

335 1263 407 1299 Sed
435 1263 512 1299 iam
539 1263 632 1300 mihi
657 1263 902 1300 dimicandum
930 1267 986 1300 est
1012 1276 1093 1301 cum
1124 1264 1428 1301 Sommerbrodtio
1456 1266 1582 1311 utpote
1609 1261 1674 1312 qui

232 1327 342 1371 (Mus.
367 1327 439 1362 Rh.
467 1326 538 1362 vol.
558 1326 688 1363 XXII.
716 1325 855 1375 [1867]
883 1340 918 1373 p.
941 1328 1043 1373 515.)
1070 1328 1139 1362 hoc
1164 1328 1243 1362 loco
1270 1328 1379 1362 verbo
1406 1322 1671 1373 ὑποκρίνεσθαι

231 1388 418 1424 notionem
452 1388 697 1434 respondendi
737 1389 952 1425 subtrahere
988 1388 1177 1425 studuerit.
1238 1389 1339 1434 „Auf
1373 1388 1432 1424 die
1469 1391 1671 1433 Antwort“,

230 1450 362 1498 inquit,
398 1452 508 1495 „kam
547 1463 585 1487 es
623 1451 764 1487 hierbei
800 1452 904 1487 nicht
930 1464 996 1496 an,
1035 1453 1192 1487 sondern
1219 1452 1285 1487 auf
1308 1452 1367 1487 die
1395 1451 1550 1496 richtige
1576 1452 1671 1487 Ant-

231 1515 336 1548 wort.
389 1513 443 1549 Zu
469 1507 726 1560 ὑποκρίνοιντο
750 1513 803 1549 ist
828 1508 868 1549 τό
897 1509 1072 1560 σύνθημα
1098 1524 1144 1549 zu
1171 1517 1373 1559 ergfinzem
1402 1508 1669 1560 ὑποκρίνεσθαι

231 1571 270 1610 τό
299 1570 475 1621 σύνθημα
501 1575 638 1612 heiszt:
675 1577 778 1620 ‚iiber
804 1576 863 1612 die
891 1576 1021 1612 Parole
1049 1577 1150 1612 Rode
1177 1577 1316 1620 stehen,
1354 1576 1433 1612 sich
1460 1575 1671 1619 ausweisen,

230 1640 438 1673 vertreten.‘
492 1637 552 1672 Sie
579 1638 728 1675 wollten
757 1638 810 1673 uls
836 1650 880 1673 zu
909 1639 980 1673 den
1007 1638 1172 1673 Feinden
1200 1638 1352 1683 geho'rig
1379 1638 1511 1683 gelten.
1551 1638 1672 1675 Wenn

230 1700 282 1735 sie
319 1712 396 1735 nun
437 1700 495 1736 die
534 1700 663 1736 Parole
698 1700 802 1737 nicht
837 1701 1021 1745 kannten,
1061 1701 1175 1736 daher
1212 1700 1271 1736 die
1307 1712 1381 1737 von
1416 1700 1530 1736 ihnen
1566 1701 1671 1736 iiber-

229 1774 420 1798 nommene
448 1762 552 1798 Rolle
580 1762 682 1798 nicht
708 1763 955 1798 durohftihren
982 1764 1157 1806 konnten‚
1185 1774 1223 1797 so
1250 1773 1371 1797 waren
1398 1750 1671 1798 sie'verlorenss‘

230 1824 323 1859 Rem
351 1823 477 1870 paucis
505 1824 746 1861 absolvamus.
800 1825 871 1861 Gur
898 1825 1047 1861 tandem
1073 1836 1162 1860 voce
1190 1819 1230 1859 τό
1260 1820 1433 1870 σύνθημα
1460 1826 1563 1860 recte.
1586 1836 1672 1870 sup-

207 1929 210 1932 ⁴
230 1887 330 1932 pleta
357 1887 544 1923 notionem
563 1886 807 1933 respondendi
825 1886 992 1922 damnat?
1022 1885 1121 1924 Quid
1139 1886 1259 1922 enim?
1286 1898 1408 1922 nonne
1426 1886 1672 1923 Athenienses

229 1944 269 1985 τὸ
307 1946 484 1995 σύνθημα
511 1950 775 1996 respondentes
809 1952 907 1986 recte
943 1948 1231 1997 responderunt?
1272 1950 1355 1986 Non
1391 1948 1536 1998 reliqua
1563 1961 1671 1997 quae-

229 2025 374 2061 cunque
393 2013 437 2049 V.
448 2013 493 2049 D.
512 2012 668 2059 protulit
682 2012 875 2049 arbitraria
892 2016 978 2049 sunt
996 2014 1034 2048 et
1051 2012 1269 2048 artificiosa?
1289 2012 1456 2048 Ceterum
1475 2012 1559 2048 vide
1579 2024 1671 2060 quae

231 2075 265 2111 ei
293 2075 470 2122 Georgius
498 2075 643 2112 Curtius
669 2076 765 2113 Mus.
793 2075 865 2112 Rh.
891 2076 964 2113 vol.
982 2074 1134 2112 XXIII.
1163 2087 1198 2122 p.
1218 2075 1290 2112 257
1311 2092 1363 2106 =
1386 2075 1435 2112 kl.
1453 2074 1602 2112 schrift.
1619 2075 1671 2111 11.

230 2151 267 2184 p.
299 2142 386 2175 258.
415 2158 466 2165 —
494 2151 559 2184 per
587 2142 768 2175 certamen
793 2140 890 2186 quod
916 2139 1015 2174 inter
1042 2150 1103 2174 eos
1140 2139 1183 2173 de
1211 2138 1249 2174 vi
1276 2138 1445 2174 vocabuli
1471 2132 1672 2185 ὖποκριτής

229 2275 313 2302 notio
337 2275 507 2310 ‚irascendi‘
538 2275 578 2302 ad
599 2274 815 2302 sententiarum
844 2283 953 2302 nexum
975 2274 1073 2310 magis
1095 2275 1220 2310 quadret
1241 2281 1331 2309 quum
1352 2273 1452 2308 iuius,
1483 2282 1559 2309 quae
1583 2281 1673 2309 ,eom-

229 2326 356 2355 moveri‘
378 2326 500 2354 videtur
521 2334 597 2355 esse.

316 2381 347 2416 1)
370 2379 457 2408 Phot.
481 2383 511 2408 et
532 2378 615 2408 Suid.
638 2379 714 2408 haec
735 2379 877 2408 tradunt:
910 2374 1148 2418 ὑποκρίνεσθαι·
1177 2376 1211 2410 τὸ
1236 2373 1459 2417 οἷποκρίνεσῦαι
1489 2376 1518 2408 οἱ
1538 2374 1671 2408 παλαιοί.

229 2430 284 2460 καὶ
306 2427 323 2461 ὁ
347 2427 516 2469 ὑποκριτής
537 2429 678 2461 &went-sev
702 2428 719 2461 ὁ
741 2426 984 2468 ἀποκρινάμενος
1004 2431 1050 2471 τῷ
1073 2431 1166 2471 χορῷ.
1200 2429 1398 2468 Θουκυδίδης
1425 2431 1448 2466 ζ.
1482 2428 1509 2459 εἰ
1531 2426 1559 2459 δ’
1582 2424 1671 2459 οὐδὲν

228 2478 445 2521 ὕποκρίνοιντο,
466 2480 685 2521 διεφῧείροντο.
729 2480 784 2513 καὶ
806 2481 835 2513 οἱ
852 2478 974 2517 Ἴωνες.
1019 2478 1120 2518 οὕτως
1140 2480 1314 2522 ‘flocco-to<
1336 2483 1424 2520 (vul
1442 2483 1510 2517 144,
1527 2482 1567 2511 30
1582 2481 1668 2518 seq.).

229 2535 258 2566 οἱ
280 2533 334 2573 μὲν
356 2531 443 2566 ταῦτ’
466 2533 703 2573 δποκρινοὶμενοι
724 2532 902 2574 Ἀθηναίων
924 2531 1163 2574 ἀπηλλάττοντο.
1187 2537 1265 2566 Fere
1286 2537 1391 2565 eadem
1405 2535 1517 2564 habent
1531 2533 1671 2563 Eustath.

230 2599 258 2629 p.
283 2588 373 2619 14³7.
397 2586 451 2624 (R)
472 2588 524 2628 (cf.
547 2596 577 2623 p.
601 2585 684 2626 687.)
708 2591 737 2615 et
759 2587 878 2625 reliqui.

1532 6 1548 14 υ
1616 0 1665 13 ·‘·⁷''·'
1677 0 1844 27 ῑξὶῐωῖὲῗπτῑ
1863 0 1910 243 1

1904 243 1910 254 J

1904 257 1910 297 ἢ
