1910 2806
860 107 910 116 ..
965 80 989 126 g
1036 96 1093 115 *-

354 191 525 242 Denique
548 192 759 229 Herodotus
787 195 825 229 et
843 190 1077 239 Thucydides
1104 193 1143 229 ot.
1168 187 1387 238 μέμψασθαι
1413 192 1453 228 et
1477 190 1698 239 μεμφθῆναι

251 257 509 302 probaverunt,
536 254 649 291 ceteri
676 254 795 290 Attici
821 255 915 290 hano
941 254 1093 289 formam
1120 256 1348 300 spreverunt.
1394 254 1502 300 Apud
1519 252 1696 290 Herodot-

252 316 473 364 μεμφθῆναι
490 315 695 365 praevalen
723 318 893 365 quattuor
912 314 1008 352 enim
1027 314 1117 352 locis
1134 315 1289 363 legitur:
1315 316 1336 352 I
1355 315 1417 364 77,
1437 318 1459 352 8
1487 314 1548 352 m
1568 317 1628 362 18,
1650 317 1696 352 16

253 382 308 418 IV
341 384 426 425 180,
454 383 503 416 20
532 379 608 416 VII
628 382 712 424 146,
733 380 777 415 7:
815 376 949 425 Ξέρξης
975 376 1159 424 μεμφθεὶς
1185 379 1258 414 τῶν
1283 379 1492 426 στρατηγῶν
1512 374 1579 424 τὴν
1608 374 1699 426 γνό-

251 454 324 489 μην
350 439 482 488 πέμπει
509 442 583 476 ταῖν
618 452 720 483 τινας
745 436 985 489 δορυφόρων,
1024 437 1245 487 μέμψασθαι
1279 441 1418 478 duobus
1453 440 1630 478 occurrit:
1656 440 1721 479 11.

252 509 313 549 24,
336 508 354 541 1
397 504 494 541 VIII
515 506 601 549 106,
631 507 688 541 19.
741 505 852 550 Apud
879 503 1132 550 Thucydidem
1160 504 1380 550 μεμφθῆναι
1407 507 1463 541 est
1487 504 1542 540 1v
1571 507 1633 549 85,
1652 508 1697 540 2:

253 565 287 602 εἰ
311 563 351 602 δὲ
377 562 498 615 χρόνῳ
526 561 736 611 ἐπήλθομεν
763 563 957 609 σφαλέντες
990 566 1057 611 τῆς
1092 560 1166 601 vimi
1195 566 1263 601 τοῦ
1289 563 1366 601 ἐκεῖ
1388 562 1547 611 πολέμου
1575 561 1697 611 δόξης,

251 626 378 675 μηδεὶς
405 627 574 678 μεμφθῇ.
602 647 654 655 -
681 624 903 673 μέμψασθαι
929 627 950 663 1
980 629 1065 672 143,
1094 630 1116 663 3
1156 628 1196 663 11
1216 631 1276 672 64,
1296 630 1320 663 4
1353 628 1415 664 111
1434 627 1495 672 37,
1514 630 1549 666 4.
1589 631 1651 670 61,
1675 629 1693 663 1

253 691 348 727 vm
378 694 464 735 109,
495 692 512 726 1
530 688 579 737 ¹).

355 754 412 789 Ne
438 752 500 789 hie
528 752 674 800 quidem
708 764 794 788 usus
822 751 1075 798 grammaticos
1102 755 1245 789 veteres
1271 752 1387 798 fugit3
1422 765 1577 802 namque
1603 753 1699 789 Pho-

250 816 299 852 tis
338 814 550 852 adnotavit:
595 815 772 865 μεμφθῇ·
809 810 850 850 τό
889 811 1098 860 μέμψηται·
1139 813 1383 861 Θουκυδίδης.
1448 814 1698 852 Autietticista

250 879 307 927 (in
334 878 452 914 Bekk.
479 877 604 914 anecd.
631 877 663 913 Ι.
695 877 820 925 109.):
847 878 1005 928 μεμφθῇ
1033 872 1113 913 α’ντὶ
1139 877 1204 913 τοῦ
1231 874 1436 924 μέμψηται·
1467 876 1698 925 Θονκυδίδης

252 936 420 991 τετάρτῳ.

356 1002 507 1039 Pindari
535 1005 573 1039 et
598 1001 787 1049 Euripidis
815 1002 911 1039 locos
938 998 1105 1049 Krueg‘cr
1132 1003 1193 1039 Gr.
1213 1002 1275 1039 Gr.
1297 1003 1348 1039 II.
1369 1002 1389 1051 S
1410 1006 1470 1038 39.
1499 1005 1536 1039 et
1555 1001 1697 1039 Veitch,

251 1066 491 1112 collegerunt.

252 1193 404 1225 rexerunt,
427 1198 610 1227 qumquam
631 1190 804 1225 scholiasta,
826 1198 894 1219 cum
916 1190 1079 1227 explicaret
1098 1186 1267 1221 ἀποδοῦναι
1288 1188 1466 1228 μνησθέντα
1487 1189 1518 1217 ἰιι
1543 1189 1621 1218 libro
1645 1198 1698 1218 suo

252 1238 500 1281 oe’rtopvrioucffioet
528 1242 681 1270 invenisse
709 1241 840 1270 videtur.
891 1242 971 1270 Num
1003 1242 1035 1269 in
1063 1241 1209 1270 Dinarchi
1230 1242 1254 1270 1.
1278 1242 1329 1270 3¹1.
1361 1237 1592 1280 ἀναμνήσεσὲε,
1615 1241 1699 1270 cuins

251 1294 285 1322 P.
309 1294 407 1329 Vogel
439 1294 485 1329 ,Iu
515 1293 704 1322 Dinarchum
734 1286 825 1322 curae
852 1293 1067 1330 grammaticae
1096 1294 1262 1322 rhetoricae
1294 1293 1425 1322 critic-,20⁴
1458 1295 1498 1332 (p.
1524 1292 1557 1330 9)
1590 1294 1698 1322 saltem

251 1345 424 1374 mentionen
447 1345 545 1375 facere
567 1345 679 1381 debuit,
702 1345 773 1374 ferri
795 1345 900 1382 possit,
923 1345 975 1373 alii
993 1345 1234 1375 diiudicaverint.
1259 1345 1330 1374 Sine
1351 1346 1415 1374 ulla
1435 1354 1508 1374 vero
1522 1354 1614 1374 causa
1627 1354 1696 1382 pro-

252 1397 349 1426 babili
381 1397 555 1426 Ludovicus
583 1397 760 1426 Dindoriius
791 1398 905 1426 formas
936 1397 1051 1426 medias
1082 1406 1118 1426 ex
1140 1398 1294 1426 Herodoto
1316 1398 1331 1426 1
1353 1399 1382 1432 5,
1406 1398 1454 1426 19.
1479 1398 1529 1433 51,
1552 1398 1601 1426 20.
1626 1399 1696 1433 17⁷,

252 1451 271 1478 5
294 1450 327 1478 11
352 1451 422 1485 101,
446 1450 464 1478 9
486 1449 637 1479 removeri
658 1449 755 1478 iussit.
810 1449 930 1478 Etenim
961 1450 1041 1485 quod
1063 1449 1199 1484 photius,
1229 1450 1268 1478 ad
1290 1458 1379 1486 quem
1400 1449 1578 1478 Dindorfius
1599 1458 1699 1478 recur-

252 1502 302 1537 rit,
325 1502 401 1531 bibl.
425 1502 493 1532 cod.
519 1504 589 1533 190.
613 1511 643 1539 p.
668 1503 736 1537 1⁵0,
761 1502 778 1530 9
803 1501 854 1541 (B)
886 1502 1031 1531 Herodoti
1054 1503 1153 1531 locum
1174 1503 1189 1531 1
1212 1503 1261 1538 51,
1286 1503 1324 1532 20
1346 1502 1474 1531 laudans
1497 1498 1698 1540 dittmnofivi-

253 1562 348 1592 σομαι
379 1553 485 1589 obrert,
519 1562 587 1583 eum
617 1553 802 1583 audiendum
831 1562 897 1583 esse
926 1563 1014 1590 nego,
1044 1554 1186 1590 quoniam
1209 1564 1247 1583 ne
1268 1554 1363 1583 verba
1384 1554 1506 1590 quidem
1527 1554 1700 1583 Herodotea

252 1606 407 1635 servavit:
430 1605 466 1634 cf.
485 1605 593 1634 Phoc:
627 1604 694 1644 (καὶ
714 1601 891 1644 Ἡρόδοτός
917 1614 1013 1645 φησιν
1036 1603 1066 1636 ἐν
1088 1602 1197 1646 πρώτῃ
1220 1605 1363 1644 ἱστοριῶν
1384 1600 1447 1644 ὅτι)
1478 1602 1582 1642 ,εἰδώς
1603 1601 1698 1636 αὐτοῦ

251 1654 286 1688 τὸ
311 1652 410 1696 ὄνομα
432 1654 491 1688 οὐκ
507 1654 794 1696 ἐπιμνησθήσομαι*
810 1658 943 1686 Herod:
964 1656 1019 1688 τοῦ
1042 1655 1243 1696 ἐπιστάμενος
1264 1655 1299 1688 τὸ
1323 1653 1438 1696 οὔνομα
1460 1652 1518 1688 ou’x
1532 1655 1699 1696 ἐπιμνήσο-

254 1718 311 1747 μαι
330 1724 374 1731 —
394 1718 451 1738 nec
472 1709 572 1738 minus
593 1717 670 1745 nego
696 1718 733 1738 ex
754 1717 789 1737 eo
811 1710 892 1745 quod
914 1710 1028 1738 Herod.
1045 1710 1074 1738 11
1089 1711 1118 1743 3,
1136 1711 1173 1738 11
1198 1705 1477 1748 ἐπιμνησῖήσομαι
1497 1708 1540 1748 (et
1555 1709 1599 1737 VI
1614 1711 1663 1742 19,
1681 1710 1698 1736 6

253 1760 495 1799 μνησδήσομαι)
524 1761 663 1797 scripsit,
695 1764 904 1797 argumentum
933 1762 1028 1797 repeti
1057 1770 1155 1797 posse.
1199 1761 1302 1797 Quid?
1325 1761 1406 1797 qnod
1428 1761 1629 1798 Hippocrates
1662 1762 1700 1789 de

253 1813 350 1841 morb.
374 1814 457 1849 vulg.
480 1813 532 1841 lib.
554 1814 579 1842 1.
602 1814 664 1841 vol.
688 1813 803 1841 xxm.
826 1821 855 1849 p.
879 1814 950 1842 400.
973 1821 1030 1848 ex„
1053 1813 1104 1841 lib.
1128 1813 1167 1842 11.
1192 1822 1220 1849 p.
1245 1814 1314 1843 343.
1347 1813 1387 1841 in.
1410 1814 1510 1842 futuro
1533 1813 1631 1842 medio
1654 1817 1699 1841 at-

254 1870 312 1902 que
334 1866 507 1895 Herodotus
531 1869 561 1894 et
581 1865 694 1894 soristo
716 1866 814 1894 medio
836 1866 909 1904 (VII
932 1867 982 1901 39,
1006 1864 1037 1904 5)
1068 1869 1098 1894 et
1130 1865 1243 1894 aon-isto
1274 1865 1397 1902 passivo
1419 1874 1515 1902 aeque
1537 1874 1573 1894 ac
1594 1868 1700 1902 poetae

253 1918 300 1947 usi
323 1921 402 1947 sunt.
446 1917 608 1954 Euripides
639 1926 712 1946 vero
743 1922 863 1954 praeter
892 1918 1024 1946 futurum
1053 1918 1209 1955 passivum
1238 1918 1330 1956 (Med.
1355 1917 1429 1956 933)
1451 1917 1540 1946 etiam
1568 1918 1700 1946 futurum

254 1970 384 1999 medium
408 1971 444 2008 (1.
468 1971 505 1998 A.
529 1972 604 2006 667)
624 1970 759 2006 praebet.

341 2020 371 2060 1)
393 2022 483 2051 Hunc
511 2022 550 2051 ad
581 2022 705 2051 modum
737 2022 855 2059 corrige
877 2021 1014 2050 Classeni
1044 2022 1269 2051 adnotationem
1291 2022 1330 2050 ad
1352 2021 1444 2050 Thuc.
1468 2021 1512 2050 1v
1534 2022 1584 2056 85,
1608 2022 1625 2049 2
1648 2030 1701 2057 ps-

255 2083 321 2103 rum
342 2077 523 2104 accuratam.
