1910 2806
822 98 1055 151 ..4-

212 215 347 253 Atticis
373 216 611 265 scriptoribus
638 217 772 254 usitata
798 220 876 253 erat
902 218 1016 253 altera
1042 229 1114 253 non
1136 218 1236 262 item,
1263 218 1422 255 variasse
1439 217 1536 253 infra
1553 216 1659 265 videff

211 280 342 317 bimus.

316 346 365 379 At
391 342 657 390 Antiphontem
686 355 831 392 quoque
859 339 1039 379 ἇδυνασία
1066 356 1170 380 usum
1188 356 1265 380 esse
1293 344 1547 389 grammaticus
1575 343 1657 393 qui-

211 406 294 441 dam
331 405 371 441 in
400 405 518 442 Bekk.
555 407 678 442 anecd.
706 407 737 443 Ι.
766 418 801 452 p.
832 409 905 442 345
932 406 1067 443 tradit:
1103 402 1287 452 ἀδυναμία
1326 404 1419 453 ἐρεῖς
1456 401 1507 449 αἷς
1535 407 1658 452 Δημο-

212 464 360 513 σθένης,
388 465 451 502 καὶ
480 462 660 502 ἄδυνασία
680 462 730 510 αἷς
741 464 921 512 Ἀντιφῶν
948 466 1010 503 καὶ
1032 467 1276 513 Θουκυδίδης,
1309 467 1371 503 καὶ
1399 465 1576 503 ἆδυνατία
1605 463 1657 509 αἷς

214 524 440 575 Δεινόλοχος.
495 529 568 565 Sed
595 529 748 573 codices,
777 531 839 577 qui
869 529 1016 577 quidem
1044 531 1089 566 ad
1115 542 1182 567 nos
1210 529 1458 576 pervenerint,
1494 542 1567 566 uno
1594 529 1658 565 illo

215 592 305 635 loco,
335 604 406 639 quo
433 593 502 627 hoc
519 593 672 628 verbum
699 592 900 636 invenitur,
929 592 959 626 V
981 596 1016 636 2,
1046 594 1222 640 praebent
1244 593 1308 627 τοῦ
1331 590 1443 639 λέγειν
1462 587 1657 637 ἀδυναμία.

213 653 382 693 Ceterum
409 653 449 690 in
478 654 716 701 Antiphonte,
755 666 847 702 quae
886 658 942 691 est
978 654 1057 691 eius
1084 655 1259 692 sermonis
1287 655 1484 703 antiquitas
1514 660 1551 691 et
1577 667 1657 690 cum

210 716 391 753 Herodoti
418 716 592 760 affinitas,
620 718 714 753 hanc
741 718 891 753 formam
919 717 1025 753 facile
1052 718 1239 754 ferremus.

315 779 547 827 Thucydides
575 783 721 826 praeter
747 780 898 816 formam
926 776 1197 816 σκεδάννυσθαι
1212 780 1258 827 1),
1297 792 1388 828 quae
1417 780 1548 816 Atticis
1575 792 1657 826 pro-

209 843 294 878 bata
322 845 386 886 est,
414 841 633 879 σκίδνασθαι
662 842 733 878 sibi
761 843 939 878 concessit
966 843 1020 878 VI
1038 846 1098 886 98,
1119 847 1140 877 3
1162 837 1494 888 (ἀποσκίδνασθαι).
1553 843 1658 878 Hanc

209 903 389 950 imprimis
416 905 511 951 apud
539 905 648 939 Iones
674 904 714 939 in
741 917 810 940 usu
836 904 948 940 fuisse
976 908 1086 940 testes
1115 909 1200 940 sunt
1229 905 1435 940 Herodotus
1463 906 1502 940 11
1523 908 1582 948 25,
1611 909 1659 940 9:

212 961 497 1008 διασκιδνάντες.
534 966 589 1003 IV
620 970 704 1011 113,
733 970 772 1002 3:
808 963 1131 1013 ἀποσκιδνάμεναι.
1173 967 1268 1003 VIII
1296 970 1356 1010 23,
1387 968 1431 1003 7:
1468 962 1543 1013 ἅμα
1570 961 1658 1016 ἡλίῳ

212 1026 449 1077 σκίδναμένῳ.
491 1029 550 1064 IX
578 1032 637 1072 80,
665 1033 709 1064 4:
739 1025 984 1074 σκιδνάμενοι,
1013 1032 1050 1065 et
1076 1030 1319 1075 Hippocrates
1347 1031 1391 1064 de
1419 1031 1542 1065 morbo
1569 1041 1658 1065 sacr.

212 1091 287 1127 vol.
306 1090 416 1127 XXI.
445 1103 482 1137 p.
497 1094 583 1127 600.
611 1091 675 1135 in.,
702 1103 738 1137 p.
759 1094 845 1127 612.
874 1092 980 1135 mad„
1006 1092 1051 1127 dc
1079 1091 1168 1127 locis
1195 1091 1233 1126 in
1262 1091 1409 1126 homine
1436 1091 1508 1127 vol.
1528 1091 1658 1127 XXII.

213 1165 248 1199 p.
273 1156 360 1190 103.
388 1165 460 1197 ex„
487 1154 531 1188 de
559 1153 694 1188 morbis
721 1154 783 1191 lib.
811 1154 841 1189 1.
870 1154 943 1190 vol.
961 1154 1091 1189 XXII.
1120 1167 1154 1200 p.
1178 1157 1261 1189 192.
1289 1154 1381 1189 med.
1409 1153 1533 1200 (bis.):
1561 1153 1658 1187 σκίδ-

213 1226 317 1249 ναται
346 1235 398 1240 -
426 1215 471 1249 de
498 1214 627 1250 diebus
653 1214 880 1250 iudicatoriis
908 1216 980 1251 vol.
1007 1216 1116 1250 XXI.
1145 1227 1179 1261 p.
1212 1218 1296 1250 151.
1324 1216 1429 1259 med„
1457 1216 1501 1249 de
1524 1215 1657 1250 intem.

211 1278 433 1315 affectionib.
471 1278 542 1313 vol.
570 1277 700 1316 XXII.
737 1290 773 1324 p.
803 1281 888 1314 513.
917 1278 1030 1314 med:
1070 1277 1275 1314 σκίδνανται
1305 1299 1353 1305 —-
1382 1278 1426 1313 de
1453 1281 1526 1313 nat.
1555 1277 1658 1324 pueri

212 1339 284 1375 vol.
312 1339 421 1377 XXI.
460 1352 494 1386 p.
523 1342 610 1376 411.
639 1340 754 1377 med.:
791 1338 1037 1385 σκιδναμένου
1066 1360 1113 1366 -
1151 1341 1196 1376 de
1223 1340 1310 1376 vict.
1338 1343 1405 1375 rat.
1433 1340 1497 1376 lib.
1525 1341 1556 1376 Ι.
1585 1339 1656 1376 vol.

212 1402 322 1439 XXI.
361 1415 397 1451 p.
428 1405 514 1441 652.
552 1414 629 1447 e1.‚
669 1403 714 1438 de
753 1402 889 1439 morbis
929 1403 993 1440 lib.
1032 1403 1063 1439 Ι.
1101 1402 1173 1440 voi.
1210 1403 1339 1439 XXII.
1381 1414 1415 1448 p.
1454 1405 1541 1441 206.
1580 1414 1657 1439 cx.:

212 1464 443 1500 σκίδνασθαι.
472 1486 522 1491 -
559 1466 603 1500 de
631 1466 744 1500 morb.
772 1477 860 1502 sacr.
888 1466 960 1501 vol.
988 1466 1097 1500 XXI.
1136 1478 1171 1511 p.
1202 1469 1290 1500 601.
1318 1466 1411 1501 med.
1438 1464 1656 1514 σκιδνασθῇ.

317 1527 511 1563 Praeterea
537 1539 615 1563 eam
643 1528 740 1575 apud
767 1530 905 1573 poetas,
933 1527 1089 1563 maxime
1108 1528 1306 1563 Homerum
1334 1531 1371 1563 et
1389 1526 1602 1570 Hesiodum,
1621 1529 1658 1562 ct

211 1589 407 1636 scriptores
443 1589 665 1626 recentiores
701 1590 856 1635 legimus
870 1589 918 1637 ²).
979 1590 1118 1625 Rursus
1156 1602 1234 1625 cum
1275 1589 1482 1626 testimonio
1520 1594 1655 1633 vetere,

212 1652 372 1689 Pollucis
391 1652 457 1689 VI.
481 1655 565 1688 194.
593 1652 686 1697 dico,
714 1647 1047 1688 διασκεδάννυσθαι
1067 1647 1094 1698 ἦ
1113 1648 1162 1694 ὥς
1182 1649 1358 1696 Ξενοφῶν
1377 1650 1657 1687 διασκίδνασθαι

209 1715 362 1759 codices,
391 1715 455 1763 qui
483 1716 588 1751 nobis
615 1715 751 1752 servati
779 1718 874 1760 sunt,
903 1714 1121 1761 discrepant.
1161 1715 1251 1751 Utut
1278 1718 1345 1760 est,
1372 1713 1591 1750 σκίδνασθαι
1616 1714 1665 1750 in-

206 1778 331 1813 Attico
359 1789 526 1814 sermone
553 1790 628 1814 non
655 1777 814 1824 vigebat.

196 1834 199 1837 ⁴
313 1841 428 1876 Porro
456 1841 501 1875 ab
530 1840 735 1877 Atticorum
763 1840 990 1887 scriptorum,
1018 1840 1273 1877 Demosthenis
1301 1840 1359 1887 (V.
1382 1841 1443 1886 8.),
1471 1840 1568 1876 Isaei
1596 1841 1654 1886 (V.

209 1902 299 1949 43.),
327 1903 504 1939 Dinarchi
531 1903 578 1950 (I.
607 1904 684 1949 40.)
712 1903 887 1951 loquendi
915 1903 1176 1940 consuetudins
1194 1903 1424 1950 Thucydides
1439 1903 1535 1939 VIII
1556 1905 1614 1948 81,
1631 1906 1653 1940 8

209 1964 390 2008 desciscit,
418 1965 588 2011 congruit
614 1977 695 2001 cum
723 1965 911 2001 Herodoto
939 1966 1008 2013 (VI
1029 1969 1076 2001 86
1096 1979 1128 2010 α,
1161 1965 1236 2012 21),
1265 1965 1296 2001 si
1323 1965 1462 2009 Suidas,
1489 1966 1656 2009 Zonaras,

208 2028 366 2074 Etymol.
390 2029 441 2064 M.
472 2040 554 2063 eum
582 2025 842 2076 ἐξαργυροῑσαι,
871 2023 940 2064 οὐκ
968 2026 1198 2076 ἐξαργυρίσαι
1225 2027 1412 2076 scripsisse
1439 2040 1526 2064 vere
1552 2040 1654 2075 prae-

208 2089 351 2136 cipiunt
367 2087 414 2136 8).
470 2089 611 2128 Quibus
649 2091 758 2127 fidem
794 2091 959 2136 derogari
996 2103 1038 2127 eo
1070 2090 1184 2136 magis
1212 2090 1335 2135 nolim,
1364 2090 1449 2138 quia
1474 2091 1504 2126 B
1533 2090 1564 2126 G
1592 2090 1655 2138 qui
1720 2135 1722 2137 q

207 2156 293 2189 sunt
319 2153 416 2189 inter
442 2153 599 2199 optimae
627 2156 734 2190 notae
761 2153 902 2189 codices
928 2155 1080 2190 eandem
1107 2152 1322 2200 scripturam
1350 2153 1529 2189 exhibent
1538 2150 1589 2200 ⁴⁶).

295 2236 326 2274 1)
350 2236 494 2272 Legimus
517 2235 597 2265 enim
618 2237 633 2265 Ι
656 2237 705 2271 64,
731 2238 747 2265 1
781 2234 992 2267 διεσκέδασεν.
1022 2237 1065 2265 IV
1089 2237 1158 2271 112,
1181 2237 1219 2265 3:
1242 2232 1471 2267 ἐσκεδάννυντο.
1505 2236 1520 2264 1
1545 2237 1595 2271 74,
1618 2237 1653 2265 2:

208 2286 448 2324 σκεδασθέντες.
490 2289 535 2317 111
558 2291 608 2324 98,
632 2291 667 2318 1:
697 2285 980 2327 διεσκεδάσθησαν.
1024 2289 1054 2318 11
1077 2289 1126 2322 2⁶,
1151 2291 1168 2318 2
1201 2289 1243 2317 IV
1266 2289 1315 2324 66,-
1341 2291 1375 2317 1:
1416 2285 1653 2327 ἐσκεδασμένον.

208 2341 252 2368 1v
276 2342 326 2376 72,
351 2342 387 2369 2:
410 2338 656 2378 ἐσκεδασμένων.
689 2341 732 2368 vl
755 2342 805 2376 52,
829 2343 866 2369 2:
889 2339 1149 2379 ἐσκεδασμένους.
1181 2339 1223 2380 [11
1248 2342 1317 2376 102,
1339 2343 1376 2369 4:
1402 2337 1652 2379 σκεδάννυσθαι.]

292 2391 323 2431 2)
345 2391 383 2421 V.
406 2392 522 2421 Veitch.
546 2401 574 2430 p.
600 2393 675 2422 593.
704 2392 860 2422 Kuehner.
883 2392 936 2421 Gr.
959 2391 1013 2424 Gr.
1028 2393 1043 2421 Ι
1064 2401 1093 2430 p.
1118 2394 1187 2422 906.
1219 2393 1325 2422 Matth.
1348 2391 1401 2422 Gr.
1426 2391 1477 2421 Gr.
1500 2392 1526 2421 1.
1547 2392 1566 2430 ξ
1581 2393 1652 2422 850.

208 2454 237 2482 p.
262 2447 333 2475 652.

291 2496 322 2535 3)
345 2497 392 2525 De
415 2498 507 2526 simili
528 2498 658 2526 aliorum
681 2498 844 2527 verborum
866 2498 945 2528 inter
967 2497 1034 2529 -οῦν
1056 2501 1087 2527 et
1108 2496 1196 2533 -ίζειν
1218 2498 1444 2527 terminationes
1458 2497 1652 2526 fluctuatione

208 2549 380 2578 Lobsckius
403 2550 441 2578 ad
463 2550 576 2586 Phryn.
601 2560 630 2588 p.
656 2551 714 2579 361
741 2558 765 2579 s
788 2550 936 2587 exposuit.

292 2600 321 2643 '‘)
344 2602 448 2638 Neque
469 2611 544 2630 vero
568 2601 694 2630 dubium
725 2605 771 2631 est
800 2603 871 2638 quin
901 2603 1029 2631 formam
1050 2602 1184 2631 Ionium
1211 2600 1360 2641 τάμωμεν
1382 2610 1419 2631 ex
1439 2575 1615 2640 Thucydide
1636 2601 1652 2631 1
