1910 2806
722 103 775 114 ..-
827 81 877 123 2¹¹1
930 102 982 112 ..-

136 187 185 227 sit
202 188 248 235 ²),
274 187 315 225 in
334 189 403 226 hac
421 189 662 237 appendicula
680 202 758 226 eam
776 201 1104 226 commemoremus.
1146 190 1213 226 Est
1239 184 1336 225 enim
1362 186 1410 231 ἐς
1436 183 1459 225 ὅ
1485 196 1572 225 oon-

135 250 274 288 iunctio
301 254 443 298 tempus
469 255 599 287 notans
618 252 652 288 V
671 255 730 296 66,
752 256 793 288 22
821 247 972 297 μάλιστα
999 248 1038 287 δὲ
1065 248 1350 297 Λακεδαιμόνιοι
1378 250 1416 293 ἐς
1442 247 1464 287 ὃ
1491 247 1572 297 ἐμέ-

136 325 272 361 μνηντο
310 310 349 350 ἐν
383 309 500 363 τούτῳ
531 313 581 363 τῷ
607 314 721 362 καιρῷ
750 310 992 362 ἐξεπλάγησαν
1006 314 1053 361 ²).
1107 313 1281 350 Herodoti
1309 314 1406 351 locos
1437 313 1570 350 struve

135 374 411 422 ‚Quaestionum‘
435 377 480 412 de
508 376 664 412 dialecto
683 377 861 413 Herodoti
888 377 1036 424 specim.
1054 377 1099 413 L·
1126 388 1248 422 opusc.
1268 377 1319 412 11.
1340 389 1373 422 p.
1396 379 1482 412 312.
1494 389 1522 412 s.
1539 389 1569 413 s.

137 437 281 485 egregia
308 449 390 475 eum
416 437 595 475 industria
621 438 779 486 collegit.

706 615 731 666 ξ
757 615 800 655 4.
854 616 1001 656 verba.

240 699 392 736 Initium
419 698 601 745 capiamus
619 700 663 736 ab
682 695 706 735 α’
716 714 743 736 π
753 713 776 735 α
788 713 808 735 ν
821 713 832 736 ι
843 709 864 735 σ
873 713 893 734 τ
903 695 927 735 οἱ
938 713 959 736 ν
968 714 991 736 α
1002 714 1015 736 ι
1041 700 1065 736 i.
1087 713 1118 737 e.
1138 701 1361 744 submovere,
1381 700 1570 745 abducere,

138 765 176 798 et
202 757 440 797 οἷ’πανίστα
452 764 581 803 σθαι,
610 757 703 796 ἄπα
715 763 859 807 ναστῆ
871 775 891 796 ν
903 775 947 797 αι
973 763 998 799 i.
1027 775 1058 798 e.
1086 763 1272 808 emigrare,
1301 763 1505 798 abscedere.

132 829 392 870 Ἀπανιστάναι
420 835 580 870 obfertur
607 834 742 871 Herod.
770 835 832 871 111
865 838 948 879 156,
981 837 1022 871 11
1064 836 1119 872 IV
1141 838 1226 879 133,
1250 837 1317 879 1¹0,
1352 825 1421 870 lubi
1449 837 1570 870 tamen

138 896 304 933 meliores
331 896 416 932 libri
444 892 706 943 ἀπονοστήσειν
733 897 926 943 exhibent3
954 897 1065 934 Thuc.
1094 897 1135 933 ΙΙ
1164 898 1225 942 70,
1257 900 1287 933 1.

132 965 415 1005 Ἀνανίστασθαι
443 973 480 1006 et
506 964 755 1016 ἀπαναστῆναι
783 973 976 1007 occurrunt
1003 962 1139 1007 Herod.
1165 971 1220 1007 VI
1238 973 1298 1014 45,
1320 970 1340 1005 7
1370 969 1426 1005 IX
1448 972 1507 1012 86,
1537 973 1572 1006 6.

141 1032 201 1077 87,
220 1035 255 1076 4,
291 1032 495 1076 Thuc.12,
519 1035 549 1069 1.
591 1035 650 1076 61,
671 1035 720 1071 4.,
752 1036 835 1076 139,
858 1035 891 1069 1.
941 1035 1026 1077 140,
1046 1036 1081 1068 3.
1123 1033 1196 1069 VII
1225 1035 1285 1076 48,
1315 1035 1350 1068 2.
1388 1035 1448 1076 49,
1483 1034 1496 1066 1
1536 1036 1573 1067 et

137 1095 234 1141 apud
259 1094 349 1131 alios
376 1094 439 1143 qui
466 1094 666 1131 recentiore
684 1098 802 1132 aetate
826 1095 999 1132 vixerunt
1016 1094 1229 1150 scriptores:
1257 1095 1303 1131 cf.
1322 1094 1571 1130 Gruudmann.

107 1155 109 1157 ’
138 1170 174 1204 p.
205 1157 266 1193 73.

244 1229 484 1277 Subsequitur
511 1224 880 1278 ἆπογίγνεσθαι
907 1230 1033 1265 valens
1049 1229 1235 1274 .‚mori‘.

139 1302 220 1338 Hoc
241 1303 391 1338 verbum
414 1315 436 1339 a
454 1302 666 1349 Thucydide
687 1302 765 1340 sive
789 1315 810 1338 a
834 1302 1047 1350 Thucydide
1072 1305 1109 1339 et
1127 1301 1354 1348 Antiphonte
1380 1301 1443 1338 illo
1464 1313 1572 1338 sensu

140 1367 351 1410 usurpatum
377 1376 455 1400 esse
476 1364 726 1411 lexicographi
752 1368 895 1401 veteres
913 1359 1161 1401 Antiattioista
1187 1364 1226 1400 in
1246 1364 1359 1400 Bekk.
1386 1365 1510 1400 anecd.
1538 1364 1570 1400 1.

138 1440 176 1474 p.
196 1427 361 1473 82.‚alius
388 1426 534 1476 quidam
560 1426 648 1464 ibid.
677 1439 712 1475 p.
733 1430 819 1464 419.
848 1440 882 1464 v.
913 1430 984 1473 19.‚
1011 1426 1109 1464 Suid.
1137 1439 1163 1463 ε.
1191 1439 1227 1465 v.
1254 1439 1289 1465 v.
1317 1421 1508 1475 ἀπεγένετο
1536 1430 1574 1463 et

137 1486 396 1537 ἀπογενέσθαι,
410 1491 564 1526 Zonaras
579 1492 735 1528 tradunt.
761 1493 885 1538 Atque
898 1491 1126 1538 Thucydides
1140 1502 1263 1527 eorum
1283 1489 1571 1526 observationem

139 1552 229 1602 locis
248 1553 289 1589 II
308 1555 369 1598 34,
390 1556 433 1589 2:
462 1551 505 1588 τὰ
533 1549 596 1599 μὲν
623 1548 712 1589 ὄστᾶ
738 1552 970 1601 προτίθενται
999 1554 1072 1590 τῶν
1090 1547 1365 1601 ἀπογενομένων
1384 1547 1569 1600 πρότριτα.

141 1619 198 1660 51,
230 1619 271 1651 5:
310 1614 371 1651 καὶ
407 1611 471 1658 τοὶς
508 1610 724 1663 ὀλοφύρσεις
760 1616 833 1651 τῶν
869 1610 1163 1663 ἀπογιγνομένων
1187 1614 1418 1657 τελευτῶντες
1445 1612 1505 1650 καὶ
1535 1613 1573 1650 οἷ

139 1675 266 1713 οἰκεῖοι
301 1675 505 1725 ἐξέκαμνον.
561 1678 595 1714 V
624 1679 683 1722 74,
722 1682 764 1715 3:
801 1676 1104 1725 Λακεδαιμονίων
1141 1674 1180 1713 δὲ
1218 1675 1255 1713 οἱ
1291 1674 1356 1724 μὲν
1392 1672 1571 1724 ξύμμαχοι

137 1736 209 1776 οὔκ
235 1737 530 1788 ἐταλαιπώρησαν
560 1737 649 1777 ὥστε
682 1739 743 1778 καὶ
771 1736 963 1789 ἀξιόλογόν
989 1755 1023 1777 τι
1049 1736 1294 1789 ἀπογενέσθαι
1311 1740 1346 1788 ³)
1373 1740 1572 1784 confirmat,

99 1809 101 1811 '
136 1802 313 1850 Antipho,
348 1814 455 1850 quem
482 1803 627 1851 quidem
655 1803 829 1847 noverim,
858 1816 932 1839 non
958 1803 1047 1839 item
1061 1804 1109 1849 4).
1164 1802 1304 1839 Ceteris
1331 1815 1477 1850 quoque
1506 1805 1571 1837 At-

137 1864 220 1901 ticis
247 1865 336 1901 haec
363 1865 530 1902 vocabuli
557 1865 614 1903 vis
640 1865 816 1903 inusitata
842 1869 908 1904 est.
962 1867 1091 1916 Neque
1118 1865 1214 1903 enim
1243 1865 1498 1913 Wyttenbach.
1529 1863 1569 1901 in

135 1927 365 1963 adnotatione
392 1929 438 1962 ad
465 1928 561 1963 Plut.
589 1930 719 1965 Moral.
747 1942 783 1975 p.
807 1932 890 1964 109.
920 1929 950 1963 F
977 1941 1050 1964 non
1078 1929 1215 1964 erravit
1241 1932 1339 1964 ratus
1361 1929 1457 1973 apud
1476 1927 1569 1963 Plat.

136 2000 173 2035 p.
201 1990 287 2024 651.
317 1988 404 2026 edit.
432 1989 546 2034 Lugd.
574 2006 627 2020 =
655 1990 764 2037 Legg.
792 2003 827 2037 p.
856 1993 928 2026 850
961 1991 998 2025 A
1031 1990 1116 2026 edit.
1151 1990 1275 2037 Steph.
1304 1985 1569 2037 ἀπογίγνεσθαι

138 2063 216 2087 esse
242 2051 405 2098 ,perire‘;
434 2064 500 2088 nec
526 2055 614 2099 puto
643 2065 860 2101 quemquam
888 2054 934 2089 ad
960 2053 1077 2099 legem
1104 2052 1204 2088 illam
1231 2055 1271 2088 in
1297 2052 1478 2088 Ps.-Dem.
1507 2056 1569 2096 43,

140 2113 185 2149 57
216 2116 494 2160 provocaturum
521 2126 618 2158 esse,
655 2115 827 2162 quoniam
854 2115 974 2161 legum
1001 2126 1165 2151 sermone
1192 2114 1391 2163 antiquitas
1417 2118 1481 2151 aut
1506 2113 1570 2150 diu

222 2260 253 2298 1)
275 2260 311 2289 V.
332 2260 486 2289 Kuehner.
508 2260 562 2288 Gr.
578 2259 631 2289 Gr.
653 2261 693 2288 11.
715 2261 734 2298 g
750 2261 819 2290 1566.
845 2262 872 2290 1.
895 2269 920 2289 c.
943 2269 973 2296 p.
990 2261 1060 2290 949.
1103 2260 1250 2297 Krueger.
1274 2260 1328 2291 Gr.
1344 2261 1396 2290 Gr.
1420 2261 1461 2289 11.
1483 2262 1501 2298 ξ
1519 2261 1569 2290 54.

138 2314 187 2342 16.
209 2315 258 2348 2.;
279 2313 318 2341 ad
339 2312 431 2341 Thuc.
455 2312 482 2340 V
505 2314 553 2342 66.
596 2313 678 2342 Bast.
702 2315 731 2341 et
751 2313 848 2342 Koen.
871 2313 910 2341 ad
932 2312 1058 2349 Gregor.
1083 2311 1217 2341 Corinth.
1240 2322 1270 2350 p.
1294 2314 1365 2343 4¹12.
1390 2313 1508 2342 Schuet-

221 2363 252 2405 2)
274 2366 321 2395 De
343 2365 402 2394 loci
423 2365 571 2394 sententia
592 2364 713 2401 optimo,
735 2368 768 2393 ut
788 2366 875 2402 solet,
897 2364 1036 2395 disseruit
1057 2365 1151 2395 Stahl.

221 2416 253 2457 3)
274 2418 373 2447 Minus
403 2419 483 2446 recte
514 2426 533 2445 a
560 2417 780 2454 lexicographis
809 2418 868 2446 huc
898 2417 1026 2447 refertur
1058 2417 1152 2446 Thuc.
1174 2417 1204 2446 Π
1227 2419 1277 2454 98,
1301 2420 1338 2448 3:
1372 2415 1569 2457 πορευομένῳ

140 2466 226 2512 αὐτῷ
245 2465 426 2511 ἐπεγίγνετο
456 2467 510 2509 μὲν
533 2465 621 2502 οὐδὲν
642 2469 696 2501 τοῦ
721 2468 851 2510 στρατοῦ
883 2470 915 2510 (ἰ.
938 2480 963 2500 ο.
986 2471 1071 2500 nulla
1092 2470 1173 2500 facta
1193 2474 1239 2501 est
1260 2471 1388 2508 iactura)
1423 2468 1451 2501 εἰ
1473 2467 1520 2512 μή
1542 2480 1572 2503 τι

135 2518 231 2561 νόσῳ,
252 2521 450 2563 προσεγένετο
471 2521 516 2555 δέ.

222 2575 255 2616 4)
277 2575 345 2605 Uno
366 2576 420 2608 ino
440 2577 507 2605 loco
530 2585 589 2615 quo
611 2576 739 2610 occurrit
761 2577 778 2605 2
801 2585 820 2621 γ
842 2577 861 2605 5
884 2576 1010 2614 ,abesse‘
1033 2576 1123 2612 valet,
