1910 2806
845 76 1103 126 *14*

250 189 385 230 mouth.
412 188 563 229 XXIII.
594 191 665 228 157
694 192 792 229 Xen.
821 194 930 229 Mem.
952 194 993 229 II
1022 197 1057 238 6,
1086 193 1151 240 86)
1178 192 1306 240 κηδεία
1325 188 1543 241 exoepit¹).
1602 188 1697 229 Nm

251 256 349 303 quod
367 255 407 290 in
427 254 681 291 Ps.-Aesohin.
703 267 759 302 ep.
779 256 828 291 X.
853 258 868 290 1
901 250 946 290 οὗ
974 252 1114 300 κήδους
1141 255 1230 292 olim
1257 256 1461 302 legebatur,
1488 255 1698 291 Dobroeum

251 329 393 365 sequor,
423 317 486 364 qui
516 316 639 352 sensui
669 329 883 353 succurrens
911 313 981 351 οὐκ
1010 315 1124 358 ἔθους
1142 317 1309 353 coniecit.
1353 320 1382 352 A
1402 317 1556 364 Dionys.
1575 319 1697 353 eutem

250 379 349 423 Hal„
379 379 474 414 Caes.
504 379 562 422 D„
601 379 708 416 Paua.
736 391 816 415 enm
843 379 882 414 in
909 379 1030 415 lucem
1057 380 1246 416 reductam
1275 392 1354 417 esne
1381 380 1503 426 palem
1530 379 1699 415 fecerunt

251 441 460 487 Stephanus
480 440 521 476 iu
543 442 637 476 thos.
665 444 704 476 et
723 441 944 487 interpretes
963 441 1079 477 Thuo.
1097 442 1123 477 1.
1143 441 1165 476 l.
1187 442 1291 477 Adde
1314 441 1412 478 Plut.
1432 440 1501 477 vib.
1518 442 1617 477 Alex
1631 443 1648 475 1
1662 444 1697 476 0.

358 498 619 548 Ναυβάτης
646 504 827 539 vocabulo
855 503 1045 540 eivitetem
1073 503 1177 540 dedit
1202 504 1337 540 Herod.
1361 505 1381 539 Ι
1414 506 1496 546 143,
1525 507 1571 539 4:
1598 498 1699 538 οὔκω

249 556 343 610 ἦσαν
369 562 407 599 οἱ
426 562 566 612 Πέρσαι
595 560 773 609 ναυβάται
793 565 957 611 Thuoyd.
975 565 996 600 I
1028 568 1112 609 1213
1140 569 1184 601 3:
1213 561 1410 611 ὑπολαβεῖν
1438 559 1511 600 οἷοί
1537 560 1565 599 τ’
1593 561 1699 610 ἐσμὲν

254 627 379 675 μισθῷ
407 626 539 672 μείζονι
566 622 654 669 τούς
680 624 805 669 ξένους
832 623 956 662 αὐτῶν
975 623 1170 672 ναυβάτας.
1219 628 1294 663 VII
1313 628 1373 672 57,
1394 628 1438 663 7:
1466 622 1597 670 πεζοῦς
1616 622 1694 662 οἷντὶ

253 688 447 735 ναυβατῶν
474 686 756 736 πορευομένους.
803 690 896 725 VIII
925 693 984 733 44,
1011 693 1039 725 1.
1068 689 1177 735 Quod
1205 702 1286 726 eum
1315 690 1411 737 apud
1438 689 1597 735 tragicos
1624 689 1697 724 fre-

250 763 366 800 quens
394 752 452 795 sit,
482 752 615 787 Pollux
641 752 673 787 Ι.
703 754 751 786 95
781 748 1044 799 τραγικώτερον
1070 752 1151 788 iure
1179 752 1343 799 appellat
1357 752 1404 797 ²).

358 811 591 860 Ξυμφοροὶ
626 813 779 850 notione
818 813 939 850 medie.
976 816 1156 857 ,eventus‘
1194 814 1292 861 apud
1328 817 1475 860 poetes,
1520 814 1695 861 Aeschyl.

253 878 384 922 Agam.
413 879 461 911 24
492 877 539 912 D.
580 876 686 912 Eum.
718 879 828 914 1020.
875 876 985 923 soph.
1015 877 1056 912 O.
1085 876 1129 912 R.
1160 881 1220 913 44.
1261 876 1395 913 Eleetr.
1436 879 1544 912 1230.
1587 878 1698 912 1448.

254 938 383 984 Eurip.
414 940 468 973 Io.
498 941 584 976 536,
624 939 705 974 Alc.
737 941 847 973 1155.
886 939 1078 985 Aristoph.
1098 940 1164 986 Eq.
1194 942 1279 974 655.
1320 940 1404 985 Lys.
1430 940 1551 982 1276„
1580 939 1696 973 Hero-

250 1000 376 1036 dotum
408 1000 662 1047 Thucydidem
690 1000 919 1049 aliquantum
946 1000 1192 1045 inveteravit,
1230 1001 1327 1047 apud
1354 999 1516 1048 reliquos
1544 999 1698 1046 scripto-

250 1075 310 1098 res
350 1075 424 1098 non
460 1062 583 1098 tenuit
609 1063 682 1098 nisi
710 1063 748 1098 in
777 1064 872 1099 Plat.
903 1064 1013 1108 Legg.
1042 1076 1076 1109 p.
1107 1064 1181 1099 709
1212 1066 1263 1098 A:
1294 1059 1397 1108 τύχαι
1425 1061 1486 1097 καὶ
1513 1059 1697 1108 ξυμφοραὶ

254 1127 426 1160 παντοῖαι
453 1124 629 1161 πίπτουσι
656 1124 839 1167 παντοίως
866 1126 1107 1171 νομοθετοῦσι
1135 1122 1177 1160 τά
1205 1120 1324 1160 πάντα
1351 1120 1451 1170 ἡμῖν,
1479 1125 1578 1174 quod
1606 1137 1697 1172 opus

254 1188 404 1224 omnino
433 1201 455 1224 a
482 1188 614 1224 ceteris
642 1200 808 1224 sermone
836 1188 986 1224 differre
1012 1188 1086 1224 iem
1112 1190 1280 1233 Krueger
1306 1188 1368 1235 (ad
1396 1188 1531 1224 Herod.
1561 1188 1579 1222 I
1609 1187 1698 1234 100)

253 1250 452 1298 perspexit.
507 1251 618 1298 Apud
656 1251 910 1299 Thucydidem
950 1256 1071 1287 autem
1109 1246 1278 1298 ξυμφοροὶ
1323 1263 1399 1288 vox
1436 1261 1528 1298 quae
1563 1249 1700 1286 dieitur

252 1313 375 1349 media
401 1317 458 1349 est
486 1315 503 1348 I
526 1317 612 1357 140,
636 1317 676 1348 1:
706 1309 811 1355 εἰδοός
838 1310 924 1354 τούς
952 1309 1179 1359 α’νθροᾶπους
1206 1310 1299 1359 πρὸς
1326 1310 1390 1354 τοὶς
1417 1308 1610 1359 ξυμφορὰς
1633 1309 1695 1347 καὶ

253 1370 318 1416 τοὶς
345 1370 492 1422 γνώμας
518 1372 775 1422 τρεπομένους,
803 1374 914 1411 ibid.:
942 1372 1119 1421 ἐνδέχεται
1147 1370 1210 1417 τοὶς
1228 1369 1421 1420 ξυμφορὰς
1439 1375 1512 1409 τῶν
1530 1369 1695 1422 πραγμά-

252 1450 324 1472 των
353 1432 420 1483 οὕχ
446 1429 559 1483 ἧσσον
587 1432 745 1483 ἀμαθῶς
762 1438 921 1485 χωρῆσαι
940 1432 965 1483 ἢ
987 1464 995 1472 .
1016 1465 1025 1474 .
1046 1464 1053 1472 .
1082 1438 1145 1485 (of.
1165 1438 1296 1474 schol.:
1325 1433 1585 1483 ἀποβαίνοντα,
1606 1432 1699 1472 αἶπο-

252 1496 402 1544 βάσεις),

251 1559 350 1609 apud
393 1562 571 1599 Herodot.
619 1564 639 1598 I
675 1566 745 1607 32,
793 1566 863 1599 22:
919 1557 940 1610 ἡ
978 1560 1079 1610 ἑτέρη
1127 1558 1265 1598 αὐτέων
1311 1562 1398 1609 (τῶν
1442 1556 1619 1610 ἡμερέων)
1656 1561 1701 1611 τῇ

256 1623 359 1675 ἑτέρῃ
387 1621 427 1660 τὸ
457 1621 634 1672 παράπαν
663 1620 772 1661 οὐδὲν
799 1621 928 1671 ὅμοιον
955 1622 1130 1673 προσάγει
1156 1626 1286 1673 χρῆμα.
1326 1620 1422 1660 οὕτω
1452 1617 1503 1660 οἷν
1530 1625 1607 1660 πᾶν
1627 1622 1700 1660 ἔστι

255 1683 457 1733 ἅνθρωπος
485 1683 670 1734 συμφορή.
724 1688 799 1724 VII
828 1691 890 1732 49,
913 1690 982 1723 12:
1011 1686 1052 1722 αἱ
1077 1684 1264 1734 συμφοραὶ
1293 1687 1366 1722 τῶν
1393 1681 1607 1734 οἷνθροίπων
1635 1681 1699 1733 ὅῖρ-

251 1759 353 1795 χουσι
392 1746 453 1783 καὶ
495 1745 579 1783 οὐκὶ
618 1745 819 1795 ὥνθρωποι
855 1750 927 1784 τῶν
966 1747 1197 1796 συμφορέων.
1251 1749 1368 1785 Porro
1404 1750 1478 1786 huo
1512 1749 1698 1796 pertinere

251 1811 428 1849 videntur
455 1812 475 1847 1
512 1814 573 1856 41,
603 1814 646 1847 4:
696 1812 872 1862 συμφορῇ
906 1809 1156 1859 πεπληγμένον
1193 1807 1344 1860 ἆχᾶριτι.
1409 1811 1601 1856 ῩΙΙ,1,90,
1633 1814 1698 1847 10:

254 1870 380 1920 ἄχαρις
407 1869 589 1920 συμφορή.
647 1876 709 1918 88,
739 1877 783 1909 5:
812 1871 873 1909 ἐπὶ
901 1870 1096 1921 συμφορὴν
1123 1871 1309 1921 περιέπεσε
1336 1869 1567 1921 ἀνεθέλητον.

256 1937 300 1972 In
341 1936 496 1973 Lucieni
537 1936 642 1974 Asin.
681 1949 711 1974 o.
751 1940 811 1975 56.
851 1932 1023 1985 συμφορά
1063 1937 1117 1974 ita
1153 1937 1444 1985 intellegendum
1481 1949 1560 1974 ense
1600 1936 1698 1974 vidit

254 2000 395 2035 Gesner
433 2000 519 2035 edit.
557 1999 639 2047 Bip.
667 2001 717 2035 ΙΙ.
746 2012 782 2045 p.
812 2002 898 2035 504.
963 2000 1130 2036 Ceterum
1170 2000 1336 2036 conferes
1374 2012 1466 2048 quae
1502 2000 1548 2035 de
1584 2001 1697 2037 verbo

256 2060 508 2108 ξυμφέρεσθαι
535 2062 813 2110 disputabimus.

356 2119 619 2170 ”Ομαιχμία
646 2137 723 2161 vox
751 2125 878 2161 Ionica
905 2126 950 2160 ab
970 2126 1158 2162 Herodoto
1186 2126 1262 2162 VII
1284 2128 1367 2169 145,
1389 2128 1434 2161 12
1464 2126 1559 2162 VIII
1581 2128 1699 2169 14001,

254 2189 315 2232 21,
343 2200 365 2223 e.
383 2186 598 2235 Thucydide
625 2188 646 2223 Ι
678 2191 735 2232 18,
766 2191 786 2222 3
803 2188 839 2233 ³)
867 2191 1043 2235 usurpata
1070 2191 1147 2233 θείη
1188 2188 1234 2225 of.
1263 2188 1324 2224 111
1354 2191 1415 2236 58,
1444 2192 1488 2233 4,
1515 2188 1580 2225 ubi
1609 2187 1698 2224 sooii

338 2311 367 2349 1)
388 2312 465 2339 Poll.
486 2312 540 2341 111.
565 2313 618 2340 30:
650 2310 705 2342 καὶ
736 2310 837 2351 κῆδος
870 2308 893 2349 ’τί
916 2309 1065 2351 ἐπιγαμία
1086 2309 1168 2343 κατὰ
1190 2311 1386 2351 Θουκυδίδην
1409 2310 1462 2343 καὶ
1484 2310 1596 2351 κηδεία
1619 2308 1699 2342 κατὰ

251 2363 440 2403 Δημοσξτένη
464 2362 518 2394 καὶ
541 2362 690 2403 κήδευμα
712 2361 791 2396 κατὰ
816 2362 973 2395 Πλάτωνα
995 2366 1101 2403 (Logg.
1125 2375 1156 2402 p.
1179 2367 1239 2395 773
1262 2364 1308 2403 Β).

335 2415 366 2451 2)
390 2417 494 2445 Verba
518 2416 582 2445 eius
605 2420 692 2445 sunt:
714 2414 749 2447 τὸ
773 2415 931 2456 ναυβάτας
946 2412 1107 2455 ὀνομάζειν
1122 2413 1357 2455 τραγικώτερον,
1381 2415 1496 2458 βέλτιον
1519 2414 1555 2447 δὲ
1576 2413 1611 2446 τὸ
1636 2413 1697 2446 ἐπι-

252 2465 431 2508 βεβηκότας
452 2467 507 2498 καὶ
529 2466 726 2507 ἐμπλέοντας,
752 2466 888 2508 μάλιστα
911 2465 939 2498 δ’
961 2465 1119 2509 ἐπιβάτας.

339 2521 370 2557 3)
394 2520 429 2549 V.
453 2521 602 2557 Kruegeri
625 2525 738 2550 notam.
772 2521 818 2550 Cf.
843 2521 1026 2550 Brueekner.
1050 2522 1107 2557 ‚De
1129 2522 1298 2558 tetralogiie
1320 2522 1499 2558 Antiphonti
1513 2520 1698 2551 Rhamnusio

252 2572 424 2611 adscriptis‘
447 2583 477 2611 p.
505 2576 552 2604 10.
