1910 2806
646 3 651 18 .-
668 0 680 3 ’·
738 0 874 25 Joe-rr'wqqff
891 0 1174 29 ‹wwgygfw-1.*7*·jtffi-v
1213 2 1223 11 ·’
1280 10 1290 14 -Ᾰ
1305 12 1307 15 .
1330 17 1339 30 .-

877 111 929 125 “-
981 86 1035 138 Μ
1087 112 1138 125 ⁴
1436 95 1441 99 x
1498 92 1515 101 Y·
1717 92 1741 117 L‘V‘

285 192 355 235 hoc
381 192 461 236 loco
488 193 721 237 Herodoteus
748 203 833 248 apte
860 213 940 238 mea
967 201 1140 248 opinione
1159 170 1387 249 componitur
1400 200 1447 249 ¹).
1473 196 1529 240 vt
1550 200 1636 248 180,
1654 199 1726 240 aaz*

286 257 360 297 ἆπό
389 274 522 298 τουτου
561 275 629 299 του
660 260 772 312 ἔργου
808 261 868 300 καὶ
905 264 972 301 τοῦ
1006 261 1187 312 προτέρου
1214 259 1366 308 τούτων,
1393 276 1434 300 το
1463 260 1664 313 ‘oraim
1689 258 1732 305 αἱ

286 326 456 371 γυναῖκες
482 337 570 367 τους
597 338 675 370 αμα
696 321 833 362 Θόαντι
859 322 997 373 «wdone
1019 323 1220 373 σφετέρους
1236 322 1504 372 ἀποκτείνασαι,
1523 323 1730 374 νενόμισται
1761 326 1765 329 ’
1811 317 1814 321 ’

287 381 358 420 cive}
393 381 460 432 τὴν
484 380 639 423 Ἑλλάδα
672 382 718 423 τὰ
745 384 883 434 σχέτλια
911 384 998 436 ἔργα
1025 383 1146 423 πάντα
1173 384 1324 435 Λήμνια
1351 386 1555 432 καλέεσθαι,
1582 389 1646 425 ubi
1673 393 1729 426 ta-

286 460 368 482 men
396 448 434 483 in
463 444 539 493 ἅμα
566 450 687 485 minus
716 450 949 494 offendimus,
987 449 1074 498 quia
1111 451 1205 497 apud
1234 451 1460 488 Herodotum
1495 451 1534 487 in
1562 462 1605 488 eo
1632 452 1728 488 haud

284 520 366 545 raro
394 510 495 546 notio
524 511 722 547 comitandi
750 510 827 547 sive
854 510 952 557 apud
978 511 1136 559 aliquem
1164 513 1333 547 versandi
1360 513 1486 549 subest
1499 512 1547 559 ¹).
1573 533 1626 540 ——
1658 513 1729 549 Sed

285 572 509 608 multimodis
544 574 606 609 hic
643 574 744 610 locus
780 586 802 609 a
828 573 917 609 viris
956 573 1071 610 doctis
1106 577 1144 610 et
1169 578 1331 611 tentatus
1357 578 1395 611 et
1420 574 1637 621 explanatus
1663 578 1729 612 est.

285 634 378 668 Nam
415 645 496 669 cum
526 635 693 680 Apollod.
712 634 733 669 Ι
758 637 793 678 9,
823 635 867 669 17
909 638 947 670 et
973 638 1101 680 poetae
1128 636 1275 671 tradant
1302 635 1545 683 Hypsipylam
1573 637 1730 673 Thoanti

285 697 503 742 pepercisse,
529 697 702 734 Bai-thius
738 696 797 744 (ad
825 696 913 734 Stat.
942 696 1056 733 Theb.
1075 696 1109 734 V
1129 696 1221 744 328)
1257 692 1357 744 ,ἅμα
1387 692 1521 733 Θόαντι
1550 697 1729 745 glossema

285 769 364 792 esse
391 761 454 793 aut
480 762 689 804 corruptam
716 770 795 793 esse
821 759 982 804 priorem
999 771 1124 795 vocem
1150 764 1188 794 et
1208 760 1401 804 legendum
1419 757 1519 807 παρά
1542 757 1728 802 Θόαντος“

286 820 459 857 decernit.
487 822 539 856 At
558 821 649 856 bene
670 820 815 856 defendi
837 820 1013 857 librorum
1033 820 1241 856 memoriam
1267 820 1405 857 scholio
1427 822 1473 857 ad
1489 822 1616 868 Eurip.
1639 822 1728 858 Hoc.

290 883 361 916 887
393 883 462 927 (=
483 883 555 917 vol.
576 884 607 918 Ι.
635 895 671 927 p.
692 886 781 918 438.
800 883 937 929 Dind.)‚
973 883 1109 930 quippe
1138 884 1234 930 quod
1263 895 1310 918 ex
1336 883 1417 930 ipso
1444 885 1630 921 Herodoto
1658 884 1730 921 flu·
1772 877 1777 881 ¹

286 944 394 989 xerit,
422 943 744 990 Schweighaeuser
762 943 823 992 (ad
843 944 978 980 Herod.
1001 944 1028 979 1.
1048 943 1090 990 1.)
1117 944 1195 979 iure
1217 947 1350 980 monet.
1389 944 1459 980 Sed
1477 957 1525 980 ne
1544 946 1728 991 Schweig—

287 1007 455 1042 haeuseri
492 1007 638 1054 quidem
673 1007 1012 1053 interpretationem
1049 1007 1164 1053 probo
1198 1006 1380 1043 censentis
1415 1003 1524 1051 „toric
1552 1003 1628 1053 ἅμα
1658 1003 1729 1044 Θό-

287 1081 366 1104 αντι
394 1080 472 1104 esse
499 1068 616 1112 viros,
658 1068 720 1116 qui
763 1081 843 1104 cum
871 1068 1055 1113 Thoante,
1090 1069 1115 1105 i.
1144 1080 1175 1105 e.
1202 1068 1377 1104 Thoantis
1404 1073 1522 1105 aetate
1548 1070 1711 1106 vixerint
1720 1083 1730 1113 3

287 1142 359 1178 quo
395 1130 547 1166 indicari
583 1133 746 1177 tempus,
785 1143 857 1178 quo
886 1141 929 1165 ea
954 1142 1013 1166 res
1040 1135 1142 1176 gesta
1168 1130 1232 1173 sit;
1276 1143 1349 1166 non
1377 1131 1501 1177 negari
1530 1132 1637 1168 caede
1665 1144 1730 1168 ex-

285 1197 420 1229 emtum
459 1206 525 1239 per
560 1193 657 1229 filiae
695 1194 868 1239 pietatem
906 1193 1018 1230 fuisse
1056 1193 1292 1230 Thoantem“.
1346 1194 1476 1242 Neque
1508 1193 1605 1230 enim
1642 1194 1732 1231 haec

287 1255 470 1292 sententia
495 1255 534 1290 in
562 1255 684 1292 verbis
711 1255 855 1292 traditis
887 1255 1095 1291 continetur
1121 1259 1159 1290 et
1184 1266 1355 1301 perversa
1381 1260 1448 1291 est.
1503 1256 1616 1292 Recte
1642 1268 1730 1292 vero

287 1330 324 1353 se
352 1318 530 1353 haberent
565 1318 642 1353 fere
678 1318 785 1353 haec:
815 1345 823 1353 .
843 1345 851 1352 .
873 1345 882 1353 .
910 1317 1050 1353 facinus
1089 1318 1185 1365 quod
1221 1317 1390 1354 mulieres
1417 1318 1601 1361 Lemniae,
1637 1329 1729 1366 quae

285 1383 404 1416 aetate
430 1381 606 1416 Thoantis
632 1380 815 1424 vixerunt,
854 1379 1121 1415 commiserunt.
1175 1379 1344 1427 Denique
1382 1380 1427 1415 ad
1464 1391 1541 1416 eam
1570 1380 1727 1428 quidem,

287 1454 395 1489 quam
424 1442 669 1487 probavimus,
698 1441 981 1487 explicationem
1008 1441 1175 1487 proxime
1202 1442 1352 1486 accedit,
1380 1442 1442 1478 sed
1468 1445 1589 1478 tamen
1609 1453 1631 1477 a
1647 1453 1729 1478 ver-

286 1504 343 1539 bis
370 1503 513 1540 traditis
540 1502 767 1551 aliquantulo
795 1503 969 1539 remotior
996 1506 1051 1539 est
1068 1503 1215 1538 Baehrii
1243 1502 1518 1549 interpretatio:
1545 1499 1632 1545 τούς
1655 1500 1730 1549 ἅμα

290 1562 422 1601 Θόαντι
461 1577 539 1601 esse
574 1565 674 1602 viros
713 1565 775 1613 qui
813 1576 887 1600 una
926 1577 1006 1601 cum
1034 1565 1197 1600 Thoante
1224 1564 1265 1601 in
1292 1564 1469 1600 Lemnum
1497 1566 1729 1602 advenerant.

286 1629 357 1664 Illa
394 1629 507 1673 igitur
542 1628 695 1674 probata
732 1627 880 1674 paulum
908 1628 1065 1675 quidem,
1103 1627 1163 1662 sed
1205 1639 1279 1662 non
1314 1626 1424 1673 longe
1449 1627 1658 1665 Herodotus
1685 1628 1730 1663 ab

287 1692 401 1727 altera
436 1692 480 1726 de
508 1690 673 1727 Thoante
710 1690 807 1726 fama
836 1690 1003 1732 recessit;
1043 1701 1198 1738 namque
1225 1689 1396 1736 Apollod.
1416 1690 1487 1726 111.
1514 1693 1548 1728 6.
1568 1693 1590 1726 4
1619 1689 1731 1726 tradit

286 1755 488 1789 Thoantem
519 1764 665 1801 quoque
692 1756 819 1798 postea
854 1764 876 1788 a
903 1752 1115 1788 mulieribus
1143 1751 1305 1788 Lemniis
1333 1756 1498 1789 necatum
1526 1765 1615 1789 esse.
1632 1772 1673 1780 —
1689 1749 1729 1800 ⁴⁶)

373 1856 404 1895 1)
425 1857 503 1885 Fere
524 1856 631 1885 eodem
647 1856 798 1893 Krnegeri
820 1855 982 1892 explicatio
1004 1858 1135 1892 spectat:
1158 1850 1226 1894 ἅμα
1247 1855 1413 1885 insolenter
1433 1856 1566 1893 positum
1588 1864 1654 1885 esse
1675 1864 1730 1892 pro

288 1906 366 1948 μετά
391 1909 441 1937 vel
464 1906 527 1944 ξύν.

371 1959 402 1998 2)
426 1961 472 1989 Cf.
496 1960 706 1989 Grundmann.
730 1969 760 1997 p.
776 1960 825 1989 ⁵8.

369 2012 400 2050 *)
422 2012 488 2040 Etsi
507 2012 539 2040 in
561 2013 736 2041 universum
758 2015 838 2040 recte
861 2011 1046 2047 praecipitur
1066 2011 1184 2040 Atticos
1206 2011 1368 2048 scriptores
1389 2011 1573 2041 affirmativa
1593 2011 1731 2041 enuntia·

286 2065 368 2096 tione
390 2064 587 2093 antecedente
609 2064 774 2101 particulas
797 2061 851 2093 καὶ
873 2059 908 2093 οὗ
931 2062 996 2092 sive
1018 2060 1073 2093 καὶ
1095 2060 1152 2102 μή,
1175 2063 1363 2092 Herodotum
1385 2064 1561 2101 saepissime
1576 2058 1651 2094 οὐδέ
1665 2063 1730 2092 sive

287 2115 373 2156 μηδέ
394 2125 578 2154 usurpasse,
609 2119 709 2145 tamen
732 2115 943 2152 Thucydides,
973 2123 1042 2144 cum
1055 2115 1071 2142 I
1089 2116 1137 2149 ιο,
1152 2116 1172 2144 4
1195 2114 1315 2152 scripsit
1336 2113 1504 2154 μέλλοντας
1524 2112 1658 2154 πέλαγος
1679 2124 1730 2146 πε-

287 2167 481 2206 ραιώσεσθαι
513 2165 594 2206 μετὰ
625 2167 746 2198 σκευῶν
777 2166 953 2205 πολεμικῶν
976 2162 1042 2198 οὐδ’
1064 2158 1105 2197 αὖ
1128 2164 1166 2197 τὰ
1187 2167 1282 2198 πλοῖα
1302 2163 1510 2206 aerumpnam
1532 2164 1659 2207 ἔχοντας
1678 2175 1730 2195 ne-

286 2231 344 2257 que
366 2222 523 2258 proprium
543 2221 623 2250 inter
645 2219 715 2248 illos
745 2222 827 2248 tenet
855 2219 954 2248 locum
984 2227 1081 2255 neque
1108 2219 1166 2247 hac
1190 2219 1220 2247 in
1242 2227 1276 2248 re
1296 2219 1394 2256 magis
1416 2218 1525 2248 ceteris
1545 2227 1613 2247 cum
1634 2218 1731 2247 Hero-

286 2275 357 2302 doto
388 2274 530 2302 concinit.
573 2273 652 2300 Nam
682 2272 772 2300 etiam
805 2271 925 2307 saepius
956 2275 986 2300 et
1016 2271 1150 2308 apertius
1171 2272 1331 2301 Platonem
1361 2280 1429 2300 cum
1456 2271 1612 2300 Herodoto
1632 2270 1732 2300 facere

285 2326 483 2362 Engelhardt.
518 2325 557 2353 ad
579 2325 657 2353 Plat.
682 2323 774 2352 Lach.
797 2332 826 2359 p.
844 2324 883 2352 64
899 2331 922 2352 s.
946 2323 1173 2352 demonstravit.
1217 2324 1265 2352 Ad
1295 2312 1460 2360 exempla,
1483 2331 1560 2359 quae
1586 2323 1629 2351 ibi
1659 2330 1730 2363 con-

286 2377 364 2413 tulit,
387 2377 481 2406 Lach.
503 2386 532 2413 p.
550 2378 620 2406 198.
636 2376 662 2404 Ε
685 2376 755 2412 Rpl.
770 2384 800 2412 p.
820 2376 891 2404 498.
908 2375 936 2403 D
959 2384 988 2412 p.
1005 2375 1076 2404 6⁶5.
1091 2375 1128 2410 Ε,
1152 2374 1238 2403 adice
1263 2374 1391 2404 Conviv.
1413 2384 1443 2412 p.
1460 2376 1531 2404 219.
1547 2375 1583 2402 B.

370 2429 447 2458 Cum
469 2438 505 2458 ex
527 2429 714 2466 Hippocrate
736 2428 835 2457 adhuc
857 2436 955 2462 nemo,
978 2431 1122 2464 quantum
1147 2427 1219 2464 scio,
1241 2427 1273 2456 id
1295 2436 1391 2464 genus
1406 2427 1545 2464 exempla
1559 2425 1729 2464 protulerit,

286 2491 363 2517 quae
394 2481 558 2519 deprendi,
591 2481 710 2510 indico:
741 2481 780 2509 de
811 2480 925 2509 morbis
957 2481 1039 2516 vulg.
1062 2480 1114 2509 lib.
1138 2481 1162 2508 1.
1184 2479 1379 2509 v01.xx111.
1401 2489 1430 2517 p.
1454 2476 1524 2510 886.
1549 2475 1606 2516 im,
1624 2477 1677 2507 lib.
1694 2477 1730 2508 V.

285 2543 314 2577 p.
332 2536 401 2565 577.
418 2534 471 2571 in„
494 2533 546 2563 lib.
561 2533 627 2563 vu.
651 2542 680 2570 p.
698 2533 769 2564 636.
784 2541 831 2563 ex.
