1910 2806
274 153 435 191 Verbum
453 150 673 189 defectivum
692 151 789 199 quod
807 150 941 192 dicitur
958 162 975 186 ε
986 145 1062 187 ἶσα
1080 164 1100 188 ο
1118 150 1247 198 poetis,
1266 160 1420 199 quorum
1438 147 1605 197 exempla

171 230 191 254 e
219 217 349 253 uatth.
386 216 448 252 Gr.
475 214 536 250 Gr.
564 215 593 249 I.
633 213 652 261 ἓ
683 217 770 250 235.
797 226 836 261 p.-
864 216 949 250 585.
1002 214 1188 251 Kuehner.
1225 213 1287 251 Gr.
1315 213 1376 250 Gr.
1403 213 1434 249 Ῑ.
1467 212 1487 260 S
1517 215 1604 249 343.

171 292 207 326 p.
229 268 315 315 806.
354 278 531 322 Κτιίοςοτ.
551 276 612 312 Gr.
625 276 687 312 Gr.
699 277 741 312 II
761 275 781 324 S
797 280 857 323 89.
874 276 1133 313 transscribere
1159 276 1306 321 longum
1333 280 1399 320 est,
1418 276 1530 311 Thuc.
1548 287 1605 311 re-

172 341 270 387 cepit
297 341 357 376 111
386 342 446 384 58,
477 342 518 384 5,·
537 338 610 380 ῑὼὶ
627 338 793 385 scripsit:
830 334 909 387 ἱερά
945 350 983 374 τε
1008 339 1110 374 θεῶν
1137 336 1353 386 ἐρημοῦντες
1379 336 1442 373 καὶ
1469 337 1605 380 θυσίας

170 399 236 445 τοὶς
262 401 438 449 πατρίους
464 401 536 436 τῶν
563 397 746 445 ἓσαμένων
772 398 834 436 καὶ
860 397 1058 448 κτισάντων
1076 396 1327 448 ἀφαιρήσεσθε
1344 400 1378 446 ¹)
1393 401 1441 448 ²).
1486 401 1605 436 Hero-

171 466 278 502 dotus
315 476 387 500 non
422 463 536 500 solum
573 463 724 501 verbum
762 462 918 510 simplex
959 464 1022 500 sed
1056 462 1165 500 etiam
1205 463 1403 511 composita
1438 462 1603 499 admisit:

171 530 192 563 I
220 532 282 572 66,
310 531 354 563 2:
390 522 600 573 Λυκούργῳ
636 522 881 572 τελευτήσαντι
916 522 996 574 ἱρόν
1029 521 1211 571 εἱσάμενοι
1237 524 1403 572 σέβονται
1430 521 1603 574 μεγάλως.

172 590 233 626 ΙΙΙ
261 593 321 634 61,
353 592 417 625 14:
454 589 585 624 τοῦτον
619 583 683 624 τὸν
711 583 828 635 ἄνδρα
865 582 936 623 εἷσε
962 583 1060 635 ἄγων
1087 585 1125 629 ἐς
1149 583 1214 623 τόν
1240 583 1426 634 βασιλήων
1451 583 1604 635 θρόνον.

176 656 259 698 126,
283 656 349 689 14:
377 650 506 687 κτείνει
532 664 593 697 μιν
620 648 736 689 ὀπίσω
763 646 1003 696 κομιζόμενον
1029 644 1167 696 ἄνδρας
1185 648 1224 686 οἷ
1239 645 1391 693 ὑπείσας
1407 645 1485 686 κατ’
1504 645 1603 686 ὁδόν.

173 716 226 751 VI
255 718 340 758 103,
374 717 439 751 15:
466 713 645 749 κτείνουσι
672 705 773 749 οὗτοι
800 708 1011 755 ὑπείσαντες
1037 709 1184 761 ἄνδρας.
1238 713 1318 749 Hoc
1343 716 1499 761 utroque
1526 713 1605 749 loco

172 778 296 814 Cobet.
323 777 385 823 (V.
414 777 454 813 L.
484 789 519 823 p.
541 776 604 823 88)
633 776 744 812 scribi
770 775 877 812 iussit
902 770 1036 818 ὖπίσας
1062 787 1264 822 provocans
1290 776 1335 811 ad
1361 776 1382 812 Ι
1411 778 1481 811 89:
1508 771 1606 811 κάτι-

172 851 240 876 σαν
266 835 464 884 φυλάκους.
518 840 587 874 Sed
624 839 703 874 iure
740 839 896 876 editores
932 841 1102 875 monente
1134 838 1313 874 Bredovio
1349 839 1417 883 „de
1453 838 1607 873 dialecto

172 902 403 938 Herodotea“
429 914 465 947 p.
498 904 581 937 148.
610 901 793 946 vulgatam
821 900 1060 937 retinuerunt.
1114 900 1251 937 Herod.
1271 901 1292 936 I
1321 903 1381 944 88,
1412 904 1428 936 1
1466 900 1607 936 codices

171 966 206 1000 A
233 965 263 999 B
291 965 318 1000 G
344 965 374 999 P
400 973 539 999 κατεισε
565 963 752 1009 praebent,
778 963 812 998 R
838 972 972 1008 κατισε,
1008 974 1100 1010 quae
1126 962 1301 998 momoria
1327 975 1348 998 a
1374 962 1523 998 librario
1551 962 1607 998 vi-

171 1027 278 1062 detur
304 1026 468 1072 profecta
495 1036 584 1061 esse.

276 1088 497 1126 Vocabulum
534 1085 550 1122 ἰ
557 1089 667 1123 κνεῖ
674 1089 790 1122 σθαι
823 1087 991 1133 genuino.
1018 1099 1126 1123 sensu
1153 1086 1326 1123 veniendi
1353 1086 1562 1124 Herodotus
1589 1086 1608 1121 Ι

172 1155 258 1196 216,
290 1154 348 1195 12,
385 1150 630 1197 Hippocrates
667 1151 711 1185 de
749 1149 838 1186 locis
865 1149 905 1185 in
932 1149 1079 1185 homine
1106 1150 1178 1186 vol.
1205 1150 1335 1186 XXII.
1364 1161 1400 1196 p.
1425 1152 1510 1185 153.
1536 1160 1609 1193 ex„

172 1217 217 1251 de
244 1215 386 1251 articul.
414 1213 486 1251 vol.
505 1213 655 1249 XXIII.
682 1225 718 1259 p.
739 1216 829 1248 240.
857 1225 916 1256 m.,
944 1214 990 1249 de
1017 1213 1152 1250 morbis
1169 1212 1350 1259 vulgarib.
1370 1213 1441 1249 Vol.
1457 1212 1607 1248 XXIII.

174 1290 210 1324 p.
240 1280 327 1312 440.
353 1289 413 1321 m.,
448 1276 554 1322 epist.
581 1275 653 1311 vol.
680 1275 829 1311 XXIII.
858 1288 894 1321 p.
924 1279 1010 1311 831.
1038 1277 1151 1319 med.,
1187 1278 1317 1321 poetae
1344 1275 1473 1321 tragici
1499 1286 1605 1321 prae-

174 1342 284 1383 bent,
329 1338 446 1376 Attici
480 1338 673 1386 scriptores
709 1339 754 1374 ad
786 1350 898 1374 uuum
936 1350 1060 1374 omnes
1094 1340 1320 1385 respuerunt.
1383 1338 1476 1374 Nam
1512 1337 1605 1373 Plat.

257 1441 288 1480 1)
309 1442 357 1471 De
378 1444 461 1471 textu
481 1441 690 1470 constituendo
712 1444 742 1470 et
762 1441 988 1478 interpretando
1010 1449 1119 1477 sequor
1140 1441 1289 1470 Stahlium
1320 1440 1435 1482 (annal.
1457 1440 1609 1469 Fleckeie.

177 1496 257 1525 1888
278 1504 308 1537 p.
322 1494 389 1524 119.
407 1492 446 1534 s.)
457 1515 465 1531 ,
487 1494 541 1523 sed
555 1502 743 1530 nequaquam
764 1493 860 1529 probo
882 1502 959 1530 quae
979 1494 1059 1523 idem
1073 1494 1110 1522 V.
1125 1494 1164 1522 D.
1186 1494 1219 1522 in
1235 1497 1384 1531 „quaestt.
1399 1496 1557 1531 grammat.
1571 1493 1611 1521 ad

175 1548 269 1576 Thuc.
292 1546 476 1583 pertinent“.
490 1547 505 1566 ⁸
529 1555 560 1582 p.
580 1547 631 1575 61.
654 1546 692 1574 de
712 1546 809 1574 forma
830 1543 989 1584 ὲσαμένων
1010 1546 1166 1582 exposuit:
1189 1546 1342 1582 „Atticam
1363 1546 1544 1574 dialectum“
1566 1545 1610 1574 in-

173 1600 246 1636 quit,
268 1596 460 1637 ,,εἱσαμένων
482 1599 634 1635 postulare
655 1595 838 1636 (εἱσαμένων
859 1598 934 1633 Pal„
964 1598 1071 1634 reliqui
1101 1595 1280 1637 ἑσσαμένων
1312 1595 1470 1636 ὲσαμένων
1500 1599 1551 1626 vel
1573 1607 1610 1626 ex

173 1653 297 1688 interpr.
312 1648 537 1689 ἱδρυσαμένων)
554 1651 625 1679 Eur.
641 1651 733 1687 Hipp.
752 1651 801 1679 31.
824 1650 891 1687 Iph.
906 1650 942 1678 T.
957 1652 1026 1680 946.
1048 1651 1239 1679 ostendunt.“
1263 1650 1382 1679 Etenim
1401 1660 1469 1679 cum
1483 1654 1610 1687 utroque

173 1704 240 1733 loco
261 1703 411 1742 (Euripid.
434 1702 528 1739 Hipp.
551 1703 616 1731 31.:
639 1699 712 1733 ναόν
734 1698 894 1741 Κύπριδος
915 1699 1131 1741 έγκαῧείσατο.
1175 1702 1241 1739 Iph.
1264 1702 1297 1730 Τ.
1315 1703 1405 1732 946.:
1427 1719 1468 1725 -
1490 1702 1609 1742 ψῆφος,

175 1750 215 1792 ἧν
230 1750 324 1792 ”Aper
344 1752 417 1784 ποτὲ
440 1752 451 1794 ΙΙ
473 1751 552 1788 Ζεὺς
574 1749 671 1784 εἵσατ’
694 1751 730 1784 ἔκ
761 1763 814 1784 του
845 1751 888 1791 δὴ
911 1752 1007 1793 χερῶν
1030 1752 1218 1792 μιάσματος)
1250 1755 1363 1794 formae
1390 1755 1461 1783 illae
1488 1758 1611 1791 propter

173 1809 366 1843 augmentum
397 1815 450 1842 per
480 1814 508 1835 ει
540 1805 759 1842 diphthongum
789 1805 964 1835 scribendae
995 1806 1074 1841 sint,
1107 1806 1217 1835 Stahlii
1247 1806 1465 1843 argumentatio
1487 1807 1608 1835 corruit.

174 1861 269 1888 Immo
292 1856 478 1897 εἱσαμένων
508 1859 539 1888 in
562 1858 724 1887 dialectum
745 1858 879 1887 Ionieam
901 1861 931 1887 et
952 1859 1067 1896 epicam
1087 1860 1248 1888 convenire
1277 1862 1308 1888 et
1336 1868 1372 1889 ex
1394 1860 1508 1888 Herod.
1530 1860 1546 1887 Ι
1569 1860 1608 1887 66

174 1911 356 1946 reliquisque
378 1910 453 1938 locis
475 1918 566 1945 supra
587 1910 718 1938 laudatis
741 1912 771 1938 et
792 1918 828 1938 ex
849 1910 939 1939 Hom.
962 1920 983 1948 η
1009 1912 1086 1939 1⁶3:
1110 1907 1191 1941 εἷσον
1213 1914 1357 1946 apparet;
1378 1919 1409 1939 v.
1425 1911 1531 1939 natth.
1554 1910 1607 1940 Gr.

175 1963 228 1993 Gr.
252 1963 277 1993 1.
312 1963 330 1999 ξ
351 1962 421 1991 235.
452 1970 481 1998 p.
506 1962 574 1991 585Δ
629 1962 902 1998 Schweighaeuser.
934 1963 973 1991 ad
1001 1963 1114 1991 Herod.
1146 1962 1193 1992 111
1224 1963 1293 1991 126.
1337 1963 1478 1992 Formam
1509 1966 1609 1992 autem

176 2012 345 2052 εἱσαμένων
367 2015 421 2049 (=
444 2012 638 2051 εἱσαμένων),
667 2022 756 2048 qnam
779 2014 845 2042 cod.
866 2014 963 2042 Palat.
985 2015 1127 2049 praebet.
1158 2015 1326 2043 scribarum
1348 2016 1445 2051 culpa,
1468 2024 1535 2043 cum
1556 2024 1609 2051 po-

175 2066 314 2093 steriores
343 2064 520 2100 scriptores,
552 2064 631 2092 Plut.
655 2064 745 2092 Thes.
776 2073 801 2093 c.
827 2066 874 2093 1¹1.
898 2062 954 2100 e'x.,
985 2065 1088 2094 Them.
1112 2074 1139 2093 o.
1163 2066 1211 2093 22.
1234 2065 1288 2101 in.‚
1322 2066 1430 2102 Pyrrh.
1454 2075 1479 2094 c.
1507 2068 1534 2094 1.
1557 2067 1609 2102 in„

174 2117 280 2145 Ionum
302 2124 384 2144 more
405 2115 625 2152 diphthongum
648 2124 675 2146 ει
695 2116 853 2152 participio
876 2116 1008 2145 tribuere
1031 2117 1256 2152 consueverint,
1278 2120 1375 2146 ortam
1396 2126 1463 2147 esse
1485 2127 1609 2148 cousen-

175 2173 295 2197 taneum
324 2171 380 2197 est.
431 2167 531 2204 Quare
564 2168 744 2196 Buttmanno
776 2168 975 2204 Sprachlehre
1005 2169 1047 2196 1¹
1081 2177 1111 2204 p.
1133 2170 1203 2204 108,
1233 2170 1273 2197 ΙΙ.
1305 2170 1374 2198 adn.
1399 2170 1441 2208 7.)
1478 2170 1610 2206 Georgio

176 2219 280 2249 Curtio
312 2219 393 2255 (‚das
421 2218 553 2248 Verbum
595 2219 647 2247 der
688 2219 801 2256 griech.
833 2220 966 2256 Sprache
997 2220 1039 2248 1²
1073 2229 1101 2256 p.
1126 2220 1222 2259 129.⁴)
1253 2221 1411 2257 Kruegero
1443 2222 1613 2259 astipulans

175 2273 301 2301 formam
335 2268 493 2310 ὲσαμένων
523 2270 627 2308 probo.
681 2271 819 2307 Denique
850 2272 921 2308 quia
957 2272 1046 2301 huius
1077 2272 1164 2301 verbi
1200 2273 1286 2301 radix
1315 2270 1351 2305 ὲδ
1383 2274 1433 2303 vel
1464 2275 1521 2305 σεδ
1554 2278 1611 2314 eat,

176 2324 440 2361 Schweighaeuser
461 2323 480 2351 l.
503 2324 523 2351 l.
545 2324 649 2352 matth.
672 2322 724 2352 Gr.
740 2323 792 2352 Gr.
815 2324 839 2352 1.
861 2323 880 2361 ξ
904 2324 972 2353 235.
995 2333 1025 2361 p.
1048 2325 1118 2354 585.
1139 2324 1261 2354 Veitch.
1281 2334 1311 2362 p.
1325 2327 1395 2356 2⁹2.
1418 2327 1611 2356 vehementer

176 2381 287 2412 errant,
320 2385 387 2412 cum
419 2379 537 2411 tempus
561 2384 704 2411 praesens
727 2373 769 2405 ἕω
791 2385 846 2412 pro
869 2373 932 2407 &co
953 2377 1079 2412 fingunt.
1122 2378 1221 2413 Atque
1250 2378 1331 2406 hanc
1359 2379 1487 2406 formam
1508 2388 1613 2408 veram

177 2438 243 2458 esse
265 2428 325 2457 iam
347 2428 458 2456 dudum
480 2427 654 2456 Buttmann.
676 2427 897 2464 ,Sprachlehre‘
921 2428 963 2456 11.
984 2428 1002 2465 ξ
1026 2416 1095 2457 114.
1117 2429 1188 2457 adn.
1209 2438 1239 2466 p.
1253 2431 1323 2460 208.
1348 2439 1394 2459 ex.
1416 2430 1528 2460 docuit.

262 2480 293 2517 2)
317 2480 430 2509 Contra
451 2480 589 2508 sollemni
610 2480 661 2509 ubi
684 2481 720 2509 de
742 2480 820 2509 fanis
843 2480 1037 2510 aedificandis
1058 2484 1197 2524 narratur
1219 2482 1314 2511 verbo
1329 2480 1478 2520 ἱδρῦσθαι
1493 2484 1612 2521 Thucy-

177 2534 260 2563 dides
282 2541 353 2562 usus
376 2536 422 2561 est
444 2533 475 2560 11
500 2534 548 2568 15,
571 2534 600 2568 4,
625 2534 643 2561 ⁵
676 2533 717 2561 vl
739 2535 768 2569 3,
792 2535 819 2561 1.

1367 2591 1388 2623 3
