1910 2806
223 197 294 237 bus
319 200 490 245 occurrit,
518 199 753 248 paucitatem,
780 200 919 237 Herod.
936 200 1012 236 VII
1041 202 1126 245 158,
1146 203 1190 237 9:
1218 194 1308 247 ἡμῖν
1333 195 1483 248 μεγάλαι
1510 188 1661 245 αἷφελίαι

222 274 259 298 τε
277 260 347 299 mal
374 261 584 311 ἐπαυρέσιες
597 262 632 309 ¹)
660 258 838 310 γεγόνασι,
865 262 1066 300 Democrit.
1093 264 1191 310 opud
1218 263 1317 300 Stob.
1356 263 1438 300 flor.
1459 263 1521 300 76.
1544 263 1590 298 17
1609 278 1662 292 =

222 325 295 361 vol.
315 325 390 361 111.
422 337 459 372 p.
485 325 545 360 78.
566 325 602 359 Μ
630 327 669 361 et
695 316 805 373 quod]
819 325 939 371 radix,
965 338 987 361 e
1014 337 1088 374 qne
1114 330 1235 361 ortum
1263 329 1329 370 est,
1357 327 1403 362 eb
1430 325 1558 361 Attice.
1584 325 1661 360 dis-

221 387 317 430 lecto
344 387 519 423 abhorret
531 386 586 434 ἲ),
620 386 784 423 notabile
823 390 897 432 est3
935 387 1061 423 Attice
1098 386 1197 423 enim
1223 381 1424 429 ἀπόλαυσις
1458 387 1592 435 (Thuc.
1621 387 1661 422 II

150 466 154 470 ·
225 451 287 493 38,
307 452 342 484 2.
370 451 432 493 42,
452 450 493 494 4)
519 448 680 495 ponitur.
735 448 857 487 Quare
884 448 1107 492 Andocides,
1134 461 1215 485 cum
1234 450 1275 485 11
1297 453 1318 484 2
1348 449 1496 497 scripsit
1522 449 1555 484 τί
1573 460 1662 484 ποτε

223 502 325 546 οὗτοι
353 509 391 546 οἱ
415 507 544 558 ἄνδρες
570 510 697 553 δεινῶς
735 506 851 553 οὕτως
877 511 1143 559 περικαίονται,
1181 510 1216 546 εἷ’
1238 524 1271 546 τι
1299 506 1395 557 ὑμᾶς
1420 508 1486 557 χρὴ
1514 506 1662 559 ἀγαθόν

223 572 313 618 ἐμοι·
341 572 648 620 ἐπαυρέσθαι
685 574 963 611 admirationem
990 574 1109 612 movit
1133 574 1398 611 But-herfordio
1434 575 1495 619 (ad
1521 575 1662 620 Phryn.

223 648 258 682 p.
279 635 367 682 30.),
403 635 542 684 quippe
579 635 642 684 qui
669 636 897 672 Andocidem
931 636 1117 672 interdum
1153 635 1333 681 tragicum
1367 648 1569 672 sermonem
1597 648 1660 683 ap-

222 700 348 745 petere
384 710 458 734 non
495 697 723 734 meminisset
737 698 791 742 ³):
829 698 971 734 scilicet
1004 710 1026 733 a
1061 696 1211 743 tragicis
1249 697 1506 746 (reliquisque)
1542 698 1661 745 poetis

222 761 314 795 haec
339 771 416 796 vox
442 771 511 795 usu
536 762 684 805 recepta
711 763 785 803 est;
823 759 913 796 item
940 761 986 795 ab
1015 759 1225 803 Aristotele,
1260 759 1385 795 Cassio
1413 759 1534 796 Dione
1561 759 1661 794 aliis-

218 814 294 870 'que
320 821 588 858 recentioribus
609 822 866 870 usurpatur-⁴).
911 821 1092 857 Herodoti
1121 824 1159 857 et
1176 821 1416 869 Hippocratis
1442 823 1542 858 locos
1569 822 1661 869 (om-

223 896 299 928 nes,
325 883 431 930 puto)
449 884 580 919 efferre
598 884 722 920 iuvat:
749 884 886 919 Herod.
906 883 982 918 VII
1004 887 1088 931 130,
1118 885 1138 918 7
1152 896 1161 919 2
1189 880 1277 928 τάχα
1305 880 1341 917 δ’
1374 879 1420 918 ἄν
1445 896 1479 917 τι
1505 881 1568 918 καὶ
1595 884 1661 918 τοῦ

224 941 406 990 ὀνόματος
433 942 639 992 ἐπαύροιτο.
684 945 860 993 Hippocr.
887 945 927 981 in
954 944 1104 981 iureiur.
1124 946 1198 981 vol.
1217 945 1324 981 XXI.
1353 957 1389 992 Ρ.
1411 948 1445 982 3.
1463 945 1527 988 in„
1555 957 1660 992 prae·

227 1011 320 1054 cept.
349 1008 423 1045 vol.
450 1008 559 1044 XXI.
587 1021 622 1055 p.
652 1009 711 1044 78.
739 1008 845 1051 med..
874 1008 919 1043 de
946 1011 1021 1044 net.
1049 1007 1155 1054 pueri
1182 1008 1257 1045 vol.
1285 1007 1394 1044 XXI.
1422 1020 1456 1055 p.
1479 1010 1565 1044 385.
1592 1007 1658 1051 in„

228 1083 263 1117 p.
283 1073 370 1105 402.
400 1083 468 1114 ex„
497 1083 531 1117 p.
560 1073 647 1106 414.
679 1070 771 1116 in.⁶)
800 1069 897 1118 (bis),
924 1083 960 1117 p.
991 1073 1065 1105 418
1095 1082 1163 1114 ex„
1193 1071 1239 1105 de
1268 1070 1429 1115 glendul.
1458 1071 1533 1106 vol.
1550 1070 1659 1106 XXI.

223 1146 259 1180 p.
280 1133 366 1170 497.
393 1133 454 1177 in„
489 1134 534 1169 de
563 1133 650 1169 vict.
679 1137 749 1169 rat.
776 1132 840 1170 lib.
861 1133 932 1169 ΙΙΙ.
957 1133 1031 1170 vol.
1050 1133 1157 1168 XXI.
1186 1145 1221 1180 p.
1243 1133 1329 1170 730.
1358 1132 1424 1177 in.,
1450 1133 1497 1169 de
1523 1132 1660 1169 morbis

222 1195 286 1231 lib.
305 1196 368 1231 IV.
398 1195 469 1231 vol.
497 1195 628 1230 XXII.
655 1207 692 1242 p.
712 1197 797 1230 325.
826 1195 918 1231 med.
947 1198 985 1231 et
1011 1206 1080 1237 ex„
1107 1207 1141 1241 p.
1164 1198 1250 1230 336.
1277 1207 1346 1239 ex„
1373 1208 1408 1242 Ρ.
1430 1196 1518 1231 337.
1544 1195 1595 1230 in.
1624 1198 1662 1230 et

223 1258 328 1301 med.,
356 1270 392 1304 p.
413 1260 497 1293 340.
529 1269 600 1301 ex„
627 1269 662 1304 Ρ.
684 1260 769 1292 343.
798 1269 867 1301 ex„
891 1269 927 1303 p.
957 1260 1043 1292 344.
1071 1257 1134 1300 in.,
1162 1269 1197 1303 p.
1229 1260 1314 1295 345.
1331 1256 1383 1293 in.
1415 1255 1468 1306 [Ρ.
1490 1260 1576 1294 350.
1594 1257 1658 1300 in.,

226 1332 261 1365 p.
283 1322 446 1366 3595ex.
465 1316 571 1366 (bis)]
587 1318 632 1364 6),
661 1331 695 1365 p.
716 1322 803 1354 365.
821 1319 927 1362 med„
954 1331 990 1365 p.
1006 1319 1092 1354 370.
1111 1331 1169 1354 ex.
1197 1331 1231 1364 p.
1253 1320 1338 1354 374.
1364 1319 1426 1362 in„
1449 1320 1495 1355 de
1516 1319 1659 1354 mulier.

226 1382 340 1418 morb.
367 1381 440 1417 vol.
468 1381 597 1416 XXII.
632 1393 667 1428 p.
697 1383 783 1416 615.
811 1380 863 1416 in.
892 1379 1014 1426 (epist.
1041 1380 1115 1418 vol.
1141 1380 1294 1418 XXIII.
1321 1394 1356 1428 p.
1387 1380 1502 1428 773).

222 1454 439 1501 Exemplum
476 1466 495 1489 e
523 1453 732 1489 Democrito
759 1453 938 1489 relicuum
966 1453 1139 1490 Valcken.
1160 1449 1222 1489 'ad
1253 1454 1388 1504 Herod.
1415 1453 1490 1490 Vll
1526 1456 1594 1489 180
1623 1457 1662 1490 et

221 1516 433 1553 Buttmann.
461 1515 611 1562 lexilog.
640 1516 669 1551 Ι.
694 1529 728 1564 p.
760 1516 819 1552 77.
848 1516 1063 1552 attulerunt.

327 1590 461 1626 Vocem
489 1588 634 1635 κῆδος
660 1592 848 1626 notantem
879 1589 1051 1633 ,affinitas
1079 1589 1219 1636 nuptiis
1248 1590 1401 1634 effecte‘‚
1441 1602 1534 1637 quse
1561 1590 1659 1636 apud

221 1652 397 1689 Herodot.
426 1652 500 1688 VII
529 1654 612 1696 189,
643 1655 685 1688 6:
713 1648 852 1700 Βορέης
878 1647 918 1686 δὲ
950 1647 1041 1686 κατὰ
1077 1647 1140 1687 τὸν
1164 1646 1342 1698 Ἑλλήνων
1367 1647 1475 1700 λόγον
1501 1650 1569 1698 ἔχει
1597 1665 1659 1699 yv-

221 1717 331 1750 ναῖκα
356 1709 531 1760 Ἀττικήν,
558 1709 771 1762 Ὠρειθυίην
798 1709 865 1761 τὴν
890 1708 1096 1762 Ἐρεχθύος.
1150 1710 1242 1749 κατὰ
1270 1709 1316 1760 δὴ
1343 1710 1384 1750 τὸ
1411 1714 1525 1761 κῆδος
1551 1715 1658 1749 τοῦτο

221 1775 260 1813 οἱ
278 1774 475 1823 Ἀθηναῖοι
502 1773 734 1813 ἐπεκαλέοντο
761 1771 825 1812 τόν
850 1788 887 1812 τε
906 1774 1048 1823 Βορέην
1074 1774 1136 1812 καὶ
1162 1774 1230 1823 τήν
1246 1771 1460 1824 Ὠρειθυίην
1487 1777 1603 1813 Thuc.
1617 1777 1658 1812 11

224 1842 284 1884 29,
305 1842 350 1875 3:
373 1834 471 1881 εἰκὸς
497 1834 536 1874 τὸ
556 1837 670 1884 κῆδος
687 1837 879 1874 Πανδίονα
897 1834 1138 1884 ξυνάψασθαι
1164 1842 1201 1874 et
1219 1839 1318 1886 apud
1335 1840 1510 1887 Aeschyl.
1529 1840 1655 1886 Suppl.

223 1905 296 1938 330
324 1902 391 1950 (D)
418 1902 529 1949 soph.
558 1901 601 1937 Ο.
620 1902 660 1939 Ο.
689 1901 763 1937 379
792 1900 958 1948 Euripid.
985 1901 1101 1938 Andr.
1122 1904 1208 1937 620.
1238 1902 1298 1938 Or.
1320 1901 1406 1938 753.
1434 1903 1573 1938 Phoen.
1594 1901 1656 1939 77.

220 1964 376 2013 aliisque
401 1964 494 2001 locis
520 1966 647 2008 exstet,
675 1964 716 1999 in
743 1963 908 2000 oratione
935 1964 1058 2000 Attica
1084 1963 1298 2011 Thucydide
1325 1963 1528 2010 posteriore
1568 1964 1655 2010 (De-

306 2108 337 2146 1)
358 2108 450 2138 Stein.
471 2108 548 2137 male
570 2107 665 2137 edidit
685 2104 875 2146 ἐπαυρῆσιες
895 2116 955 2136 non
978 2107 1137 2136 obsecutus
1159 2107 1313 2137 Lobeckio
1335 2108 1375 2137 ad
1396 2108 1509 2145 Phryn.
1531 2118 1562 2145 p.
1578 2110 1651 2139 447.

305 2160 337 2199 2)
358 2161 397 2189 V.
419 2161 552 2190 Classen.
575 2161 613 2188 ed
636 2160 728 2188 Thoe.
752 2161 773 2189 1.
797 2160 818 2189 1.

304 2213 336 2253 3)
357 2214 396 2241 V.
416 2213 513 2242 Bhss.
534 2213 608 2249 ,Att.
630 2211 838 2241 Beredsnmk.⁴
858 2212 901 2239 1²
925 2221 955 2249 p.
977 2213 1035 2241 301
1061 2220 1084 2241 s.

304 2265 337 2304 4)
359 2266 397 2294 V.
419 2265 594 2293 Buttmann.
618 2263 785 2299 ‚AusffihrL
799 2272 844 2300 gr.
862 2263 941 2301 Spr.‘
963 2265 1002 2293 11.
1026 2274 1055 2301 p.
1074 2267 1141 2294 121.
1165 2273 1190 2295 s.
1233 2266 1339 2294 Matth.
1362 2265 1416 2294 Gr.
1433 2265 1486 2294 Gr.
1501 2267 1525 2293 Ι.
1549 2266 1567 2302 ξ
1585 2267 1655 2295 224.

221 2330 251 2357 p.
273 2320 343 2349 535.
366 2326 389 2347 s.
434 2317 587 2346 Kuehner.
612 2315 663 2345 Gr.
686 2315 738 2345 Gr.
761 2316 785 2344 1.
807 2325 837 2353 p.
861 2317 931 2346 816.
976 2317 1093 2346 Vsitch.

305 2370 336 2409 5)
357 2371 424 2398 Hoc
444 2370 510 2397 loco
530 2371 560 2397 et
580 2368 628 2403 ,de
648 2368 756 2397 morb.‘
779 2368 831 2396 lib.
854 2368 908 2397 IV.
930 2370 992 2397 vol.
1013 2368 1111 2398 XXII.
1134 2378 1163 2406 p.
1181 2371 1252 2399 374.
1273 2370 1314 2399 in.
1340 2368 1580 2407 ἐπαυρίσκεσῇαι
1603 2379 1656 2406 pro

221 2424 331 2454 tradito
351 2418 602 2460 ἅπαυρίσκεσῇαι
622 2420 784 2457 legendum
806 2429 872 2450 esse
894 2422 1025 2451 ostendit
1045 2422 1218 2450 Buttmann.
1239 2422 1361 2458 lexilog.
1384 2422 1409 2450 Ι.
1432 2431 1461 2458 p.
1485 2424 1534 2452 74.
1558 2432 1582 2451 s.

305 2475 337 2513 6)
358 2474 415 2504 His
437 2473 521 2510 locis,
552 2482 619 2502 cum
651 2473 773 2502 notione
802 2474 998 2503 consumendi
1029 2482 1185 2510 egeamus,
1220 2471 1466 2511 ἐπαυρίσκεσξῖαι
1495 2474 1528 2503 iu
1560 2470 1656 2506 ἄπαυ-

222 2527 387 2569 peonnam.
406 2526 581 2556 mutandum
602 2534 668 2555 esse
689 2535 806 2555 censeo.
842 2526 888 2556 cf.
911 2527 1084 2555 Buttmann.
1106 2526 1226 2562 lexilog.
1251 2535 1279 2563 p.
1298 2528 1344 2555 75,
1368 2529 1397 2555 et
1419 2526 1554 2555 Erotisni
1576 2527 1657 2563 glos-

221 2590 286 2612 sam
306 2590 335 2619 p.
358 2581 408 2610 58.
431 2577 570 2619 (Frsuss
593 2574 833 2618 ἀπαυρῑσκεται·
856 2574 1033 2612 ἀπόλλυται.
