1910 2806
289 190 331 233 ῙῘ
362 196 418 242 17,
458 194 507 233 20
557 192 612 234 VI
649 199 710 243 20,
749 200 773 234 4
819 196 915 235 VIII
945 199 1029 234 124.
1058 200 1093 242 8,
1132 196 1365 247 Thucydides
1391 197 1414 234 1
1450 198 1512 242 48,
1538 198 1592 241 4,ι”
1620 187 1733 241 ἐξίησι
1801 213 1804 216 ·
1852 156 1859 169 ²

284 256 498 306 Ἀχερουσία
527 258 633 306 λίμνη
661 257 699 303 ἐς
725 255 925 296 θάλασσαν.
992 259 1036 295 Π
1068 262 1151 304 102,
1179 263 1220 297 2:
1253 254 1277 296 ὅ
1297 256 1481 309 Ἀχελῷος
1505 254 1671 305 ποταμός
1696 256 1735 302 ἐς
1778 279 1781 282 »

288 317 480 357 θάλασσαν
507 319 614 365 ἐξιεὶς
642 348 652 357 .
673 349 683 358 .
725 322 780 358 IV
802 324 886 366 103,
909 323 952 357 1:
980 315 1006 367 ἦ
1035 317 1159 368 Βόλβη
1185 320 1292 368 λίμνη
1320 319 1455 368 ἐξίησιν
1482 319 1520 363 ἐς
1541 314 1734 368 θάλασσαν

288 383 346 418 usi
372 386 467 419 sunt.
497 383 587 420 Eius
615 383 697 420 viee
724 385 821 430 apud
849 385 988 420 eeteros
1016 382 1159 420 Atticos
1187 396 1267 420 eum
1295 383 1367 420 elia
1392 384 1595 428 funguntur
1620 380 1733 420 verbs

288 449 365 481 tum
402 441 603 492 ἐμβάλλειν,
647 448 689 481 ut
723 445 820 492 apud
847 445 941 481 Plat.
970 445 1105 482 Phaed.
1132 458 1168 493 p.
1192 448 1264 482 112
1293 446 1326 481 D
1358 447 1429 482 118
1451 444 1480 480 Β
1498 444 1526 483 C
1557 445 1730 493 Xenoph.

289 509 406 547 Anah.
433 509 455 544 I
484 512 520 553 2,
551 511 572 544 8
613 508 667 544 IV
696 511 730 553 8,
759 510 782 544 2
822 507 969 545 Hellen.
998 508 1073 545 VII
1101 512 1135 553 4,
1165 511 1212 545 29
1231 507 1278 556 ¹).
1332 507 1465 545 eontra
1489 507 1732 558 reeentjorum

290 570 509 616 scriptorum
537 570 705 618 plerique
732 570 957 606 Herodotum
976 570 1301 618 Thucydidemque
1327 569 1443 606 secuti
1469 574 1575 607 sunt:
1604 570 1731 618 Polyb.

287 633 349 669 ΙΙΙ
377 634 437 678 37,
468 636 489 669 8
536 633 574 668 Χ
602 635 675 677 48,
716 635 734 668 1
782 632 899 669 Str-ab.
927 632 1009 669 XII
1036 635 1059 668 9
1105 631 1177 668 Dio
1216 632 1343 681 Chrys.
1383 643 1434 671 or.
1472 631 1653 670 XXXVI.
1679 648 1732 664 =

287 708 323 742 p.
352 696 440 732 437.
468 696 495 731 C
523 697 593 743 (M)
631 695 790 743 Appian.
829 694 937 741 Hisp.
982 698 1018 731 6.
1064 695 1159 730 Cass.
1189 693 1234 731 D.
1259 695 1371 731 XLII
1399 698 1459 740 41,
1489 698 1523 731 2.
1577 694 1731 732 Aristid.

287 758 359 794 vol.
387 758 440 795 11.
467 770 504 805 p.
532 761 621 794 440.
648 757 726 805 (n).

389 837 628 888 Ἐπιβοώσας
645 841 860 878 vocabulum
888 852 969 877 eum
995 840 1203 886 Schneider,
1230 840 1276 878 V.
1294 840 1351 885 D..
1378 840 1468 885 iure,
1495 843 1595 889 puto,
1623 844 1731 887 neget

287 904 385 940 Xen.
413 904 502 951 Cyn.
531 905 585 941 VI
616 906 661 940 19
690 906 789 940 reete
816 915 854 939 se
881 904 1037 948 habere,
1078 903 1175 940 haud
1202 902 1276 939 seio
1310 915 1355 939 an
1384 896 1505 941 active
1530 902 1640 940 huius
1666 915 1730 940 vo-

288 966 407 1002 cabuli
434 967 550 1002 forme.
577 967 621 1002 ab
648 965 774 1002 Attico
797 977 967 1014 sermone
994 964 1112 1001 soluto
1139 964 1298 1001 alienum
1326 965 1393 1008 sit3
1425 977 1492 1013 pro
1519 968 1617 1001 certo
1643 977 1730 1002 vero

287 1028 429 1064 affirmo
465 1027 619 1063 mediam
655 1027 807 1063 formam
841 1038 952 1063 sensu
987 1026 1181 1062 invocandi
1216 1025 1451 1074 implorandi,
1496 1038 1568 1075 quo
1606 1025 1729 1063 ἐπικα-

289 1092 432 1126 λεῖσθαι
459 1090 633 1138 frequens
662 1092 727 1135 est,
756 1089 970 1137 Thucydide
997 1092 1151 1137 excepto
1177 1089 1223 1124 ab
1252 1101 1296 1125 eo
1322 1089 1458 1126 abesse.
1497 1090 1607 1137 Apud
1633 1089 1730 1125 huuc

286 1156 324 1188 et
363 1154 459 1200 apud
488 1153 714 1188 Herodotum
751 1151 822 1187 1οοὶ
857 1155 1051 1199 sequentes
1086 1151 1150 1187 ino
1176 1152 1287 1187 verbo
1313 1155 1555 1198 occupantur:
1595 1151 1729 1190 Herod.

285 1217 307 1252 Ι
336 1217 396 1260 87,
424 1219 471 1252 4:
511 1213 675 1251 ἐνθαῦτα
701 1211 837 1263 λέγεται
866 1215 1025 1262 Κροῖσον
1053 1210 1397 1260 ἐπιβώσασθαι
1431 1209 1497 1250 τὸν
1522 1209 1729 1251 Ἀπόλλωνα

288 1274 561 1324 ἐπικαλεόμενοι
575 1278 623 1325 ²).
668 1277 702 1313 V
732 1281 765 1320 1,
794 1280 839 1312 9:
872 1275 911 1312 οἱ
936 1273 1004 1324 γᾶρ
1033 1269 1085 1311 οἶν
1111 1272 1184 1312 vimi
1213 1272 1430 1324 Στρυμόνος
1458 1276 1617 1318 Παίονες
1643 1274 1728 1323 χρή-

286 1350 418 1382 σαντος
444 1340 512 1377 τοῦ
540 1340 636 1375 θεοῦ
663 1334 922 1387 στρατεύεσθαι
950 1336 1010 1375 ἐπὶ
1041 1338 1267 1387 Περινθίους
1291 1337 1355 1374 καὶ
1382 1334 1429 1385 ἢν
1455 1336 1521 1385 μὲν
1547 1334 1725 1375 ἀντικατι-

285 1398 427 1448 ζόμενοι
463 1399 744 1437 ἐπικαλέσωνταί
780 1410 896 1444 σφεας
923 1399 962 1436 οἱ
989 1400 1184 1447 Περίνθιοι
1212 1396 1385 1446 ὀνομαστὶ
1412 1398 1614 1447 βώσαντες,
1641 1397 1729 1443 τούς

286 1460 325 1499 δὲ
352 1461 580 1512 ἐπιχειρέειν,
618 1458 666 1509 ἦν
699 1460 737 1499 δὲ
773 1458 825 1509 μή
864 1458 1135 1509 ἐπιβώσωνται,
1173 1457 1224 1509 μὴ
1261 1460 1490 1511 ἐπιχειρέειν,
1523 1461 1665 1500 ἐποίεον
1692 1462 1732 1499 οἱ

289 1526 447 1568 Παίονες
473 1527 587 1561 ταῦτα
614 1526 679 1562 ubi
706 1525 838 1561 Steinii
866 1526 1051 1562 adno'tetio
1078 1525 1307 1573 inspicienda
1333 1529 1399 1569 est,
1426 1526 1486 1568 IX
1504 1530 1568 1570 28,
1587 1530 1632 1563 3:
1661 1522 1729 1573 τὴν

284 1583 394 1634 ἄλλην
438 1583 609 1636 στρατιὴν
653 1583 890 1636 ἐπιβώσαντο.
953 1588 1066 1624 Thue.
1094 1588 1156 1624 111
1184 1591 1245 1632 59,
1274 1591 1296 1623 2
1309 1594 1327 1624 ε’
1371 1585 1576 1634 αἰτούμεθα
1619 1582 1727 1636 ὖμᾶς,

284 1647 399 1693 θεοὺς
425 1647 512 1693 τούς
538 1645 774 1697 ὅμοβωμίους
799 1648 862 1686 καὶ
891 1645 1038 1693 κοινοὺς
1064 1650 1140 1685 τῶν
1167 1644 1345 1696 Ἑλλήνων
1373 1645 1624 1697 ἐπιβοώμενοι,
1651 1653 1728 1686 πεῖ-

284 1723 343 1749 σαι
370 1709 456 1749 τάδε
482 1730 535 1744 =
562 1714 624 1758 67,
650 1717 684 1749 2.
713 1715 853 1758 (eontra
874 1713 930 1750 IV
950 1713 1011 1756 97,
1031 1716 1076 1749 4:
1103 1710 1410 1759 ἐπικαλουμένους
1435 1708 1521 1754 τούς
1547 1707 1728 1760 ὅμωχέτας

284 1774 459 1820 δαίμονας
497 1773 559 1810 καὶ
586 1771 651 1810 τόν
678 1770 856 1820 Ἀπόλλω)
885 1795 932 1800 -
963 1775 1040 1810 VII
1068 1777 1129 1819 69,
1155 1778 1199 1810 2:
1234 1769 1322 1810 ἄλλα
1347 1772 1459 1822 λέγων
1485 1770 1554 1810 ὅσα
1580 1770 1726 1823 ἅνθρω-

282 1850 349 1874 ποι
377 1835 437 1874 ἐπὶ
463 1838 508 1889 τῇ
535 1833 708 1889 παρούσῃ
736 1833 903 1884 ἐκπλήξει
929 1832 1096 1883 ώφέλιμα
1119 1836 1320 1884 νομίζοντες
1338 1834 1567 1884 ἐπιβοῶνται.
1606 1837 1665 1883 75,
1686 1840 1727 1875 4:

230 1910 232 1913 '
283 1898 347 1936 ἕνα
373 1898 525 1936 ἕκαστον
552 1896 805 1946 ἐπιβοώμενοι,
843 1898 879 1934 εἴ
900 1895 982 1934 τινά
1007 1895 1082 1934 πού
1108 1912 1163 1942 τις
1189 1898 1262 1935 ἴδοι
1288 1895 1314 1946 ἢ
1340 1897 1493 1947 ἑταίρων
1518 1895 1545 1946 ἢ
1571 1898 1726 1935 οἰκείων.

283 1964 395 2010 (VIII
421 1966 483 2008 92,
504 1965 550 1999 8:
581 1960 815 1999 Θουκυδίδου
843 1962 909 1998 τοῦ
935 1961 1146 2010 Φαρσαλίου
1174 1958 1345 2010 ἐμποδών
1371 1974 1409 1998 τε
1430 1959 1646 2011 γιγνομένου
1664 1960 1726 1999 καὶ

282 2023 538 2070 ἐπιβοωμένου
576 2020 627 2071 μὴ
665 2021 840 2060 ἀπολέσαι
877 2020 944 2069 τὴν
982 2024 1166 2071 πατρίδα).
1230 2026 1298 2061 Eat
1328 2025 1439 2061 etism
1475 2026 1573 2070 apud
1600 2025 1727 2072 Eurip.

283 2087 377 2122 Med.
404 2090 474 2122 168
503 2086 612 2124 Hom.
632 2100 656 2121 α
676 2087 751 2123 378
780 2084 805 2132 β
828 2088 912 2122 143.
967 2086 1173 2133 Exemplis,
1214 2098 1306 2136 quae
1341 2087 1506 2133 Krueger
1540 2087 1587 2122 ad
1613 2086 1725 2123 Thue.

281 2149 342 2185 111
371 2152 431 2194 59,
461 2153 483 2184 2
512 2149 671 2195 collegit,
699 2149 791 2185 adde
818 2148 916 2185 cass.
935 2148 979 2185 D.
998 2149 1175 2186 XXXIX
1202 2152 1264 2195 29,
1290 2153 1325 2185 s.
1355 2153 1416 2198 38,
1445 2153 1468 2185 8
1496 2149 1628 2186 xmx
1647 2153 1681 2195 9,
1703 2152 1723 2185 5

281 2211 368 2248 LVI
398 2214 456 2256 14,
484 2215 508 2248 4
538 2211 619 2248 alia.

367 2356 397 2394 1)
420 2357 487 2385 Hoc
509 2357 637 2387 verbum
658 2367 677 2387 ι
698 2348 888 2395 Thucydidis
910 2366 999 2394 opere
1021 2358 1129 2396 abest5
1151 2358 1205 2388 sed
1225 2358 1332 2387 eodem
1354 2367 1446 2388 sensu
1465 2327 1578 2395 Iegitur
1598 2357 1614 2386 1
1634 2359 1688 2394 48,
1705 2359 1726 2387 4

282 2404 436 2447 ἐσβάλλει,
468 2417 527 2444 quo
549 2410 627 2445 loeo,
659 2412 691 2438 ut
723 2409 852 2439 aliorum
878 2408 1058 2446 scriptorum
1080 2410 1219 2447 exempla
1241 2410 1387 2447 omittam,
1410 2409 1517 2439 Thom.
1537 2409 1619 2446 Mag.
1640 2417 1726 2446 prae-

282 2463 413 2497 ceptum,
436 2461 517 2496 qnod
540 2471 565 2489 s.
587 2470 616 2490 v.
640 2458 786 2501 ἐκβάλλει
808 2465 864 2497 est,
887 2461 1088 2498 redarguitur.

365 2524 398 2559 2)
420 2523 477 2552 Hie
507 2523 670 2552 verborum
701 2522 924 2565 ἐπιβώσασθαι
954 2527 984 2552 et
1014 2521 1251 2564 ἐπικαλεόμενον
1283 2526 1477 2562 pleonasmus
1506 2523 1725 2562 comparandus

280 2574 401 2605 videtur
423 2584 490 2605 esse
511 2584 579 2605 cum
602 2573 691 2617 ἔλεγε
713 2573 778 2616 φάς
800 2576 892 2606 simil.
