1910 2806
877 77 1202 151 „Qu-4,

387 212 656 258 Δικαιοῦν,,
694 219 737 252 ut
772 217 936 261 Krueger
987 215 1027 252 in
1075 217 1260 262 grammat.
1297 228 1349 263 gr.
1377 216 1430 255 11.
1465 214 1574 262 565.
1613 213 1724 262 8271&

283 279 398 322 docet,
425 277 573 313 dialecti
600 277 747 314 Ionicae
774 281 811 314 et
836 277 999 314 Atthidis
1027 278 1240 315 vetustioris
1266 278 1452 325 proprium
1479 290 1568 323 esse,
1605 289 1726 325 opera,

283 352 391 387 quam
419 339 661 385 scriptoribus
687 352 753 386 pro
781 339 881 375 virili
908 343 1013 385 parte
1040 339 1195 384 nevavi,
1224 352 1296 377 non
1325 352 1469 387 possum
1498 352 1570 376 non
1597 340 1727 376 confir-

281 414 389 438 mare.
444 404 498 437 Ao
525 414 571 438 ne
598 402 704 439 Plato
732 402 878 450 quidem
910 403 979 438 hoc
1007 403 1160 439 verbum
1187 403 1257 440 sibi
1284 402 1438 451 sumpsit
1465 402 1536 438 nisi
1564 401 1727 449 semell)

281 464 321 499 in
349 464 460 509 Legg.
488 477 524 511 p.
546 468 634 500 934.
651 467 700 501 A:
730 463 837 510 δίκην
863 462 1014 506 ἕκαστος
1041 461 1310 513 προσεκτισᾶτω
1338 460 1403 512 ούχ
1439 463 1543 501 ἕνεκα
1571 465 1637 500 τοῦ
1662 476 1726 499 κα-

284 527 485 574 κουργῆσαι
523 521 647 567 διδούς
673 522 740 572 τήν
767 525 892 572 δίκην,
931 527 998 562 τοῦ
1036 522 1068 562 δ’
1096 526 1147 569 είς
1187 523 1249 563 τὸν
1275 519 1388 569 αὖθις
1414 525 1519 563 ἕνεκα
1545 523 1676 574 χρόνον
1702 521 1729 571 ἢ

282 584 322 623 ui
351 584 528 635 παράπαν
565 589 713 634 μισῆσαι
751 584 817 634 τὴν
851 584 999 624 ἆδικίαν
1036 585 1152 625 αὐτόν
1187 602 1223 625 τε
1261 587 1323 625 καὶ
1360 585 1446 631 τοῦς
1481 585 1625 631 ἰδόντας
1664 583 1727 623 αύ-

281 645 348 685 τὸν
374 645 643 696 δικαιούμενον,
666 645 691 696 ἢ
712 676 862 694 ......
900 650 965 686 ubi
1002 651 1193 687 eominus
1219 651 1379 687 offendat
1406 651 1609 699 quisquam,
1647 662 1727 686 cum

282 712 322 747 in
366 713 435 748 hoc
471 724 580 759 opere
618 712 726 748 etiam
772 712 843 748 alia
887 712 1002 748 multa
1037 712 1157 748 inesse
1203 725 1295 761 quae
1340 714 1384 749 ab
1420 712 1544 749 Attica
1582 712 1728 748 dicendi

284 774 545 811 consuetudine
592 776 813 811 abhorreant
858 787 968 821 supra
1004 774 1216 813 dixerimus,
1276 776 1319 813 V.
1360 776 1534 821 Krueger.
1570 775 1615 810 ad
1651 774 1728 810 He·

288 838 363 873 rod.
392 839 413 873 Ι
445 840 530 873 100.

283 900 395 936 Usum
440 904 477 936 et
525 900 600 936 vim
616 900 651 948 2)
701 900 871 936 vocabuli
917 899 1084 935 δικαιοῦν
1131 903 1194 937 aut
1229 912 1377 947 prorsus
1414 900 1610 937 convenire
1648 912 1728 936 cum

285 959 412 1005 ἀξιοῦν
428 964 482 1010 ³),
524 963 620 1010 quod
646 964 799 999 verbum
827 964 923 1009 apud
954 963 1094 998 Atticos
1121 962 1280 999 invaluit
1315 974 1382 998 nec
1409 975 1482 998 non
1509 963 1605 1009 apud
1631 962 1728 998 'rhu-

285 1025 451 1071 cydidem
479 1026 594 1060 multo
623 1025 822 1070 praevalet,
852 1029 914 1061 aut
940 1024 1105 1072 proxime
1131 1026 1321 1070 accedere,
1357 1038 1403 1061 ex
1431 1025 1522 1071 ipsis
1551 1024 1727 1071 exemplis

285 1087 487 1123 elucescet:
516 1086 630 1123 Thuc.
658 1087 676 1120 Ι
708 1089 792 1131 140,
828 1090 865 1122 1:
902 1082 990 1128 τούς
1025 1083 1339 1132 ἆναπειθομένους
1366 1081 1470 1131 ὑμῶν
1496 1086 1627 1122 δικαιοῖ
1653 1088 1729 1127 τοῖς

287 1149 393 1199 κοινῇ
420 1145 577 1193 δόξασιν,
606 1144 652 1195 ἢν
679 1143 751 1196 ἇῖρα
779 1162 815 1184 τι
838 1146 900 1184 καὶ
925 1144 1184 1194 σφαλλαὶμεθα,
1212 1150 1379 1197 βοηθεῖν.
1408 1149 1451 1185 II
1479 1151 1542 1193 41,
1572 1152 1617 1185 5:
1644 1145 1727 1195 περὶ

290 1209 460 1257 τοιαύτης
494 1206 633 1253 πόλεως
669 1209 745 1246 οῖ’δε
783 1210 957 1259 γενναίως
985 1210 1210 1253 δικαιοῦντες
1250 1207 1300 1257 μὴ
1328 1208 1579 1257 ἀφαιρεθῆναι
1615 1206 1729 1256 αὐτὴν

286 1269 484 1320 μαχόμενοι
512 1271 753 1319 ἐτελεύτησαν.
809 1277 871 1317 61,
899 1278 945 1309 4:
985 1271 1023 1309 ἐν
1059 1273 1125 1323 ἴσῳ
1161 1272 1200 1309 οἱ
1237 1268 1431 1319 ἅνθρωποι
1458 1272 1639 1309 δικαιοῦσι
1665 1274 1730 1318 τῆς

286 1347 323 1370 τε
359 1330 595 1382 ὑπαρχούσης
632 1331 742 1380 δόξης
779 1334 967 1371 αἰτιᾶσθαι
1006 1332 1105 1377 ὅστις
1141 1336 1298 1384 μαλακίᾳ
1326 1334 1470 1371 ἐλλείπει
1498 1333 1558 1371 καὶ
1586 1337 1650 1381 τῆς
1675 1331 1726 1381 μή

288 1394 547 1444 προσηκούσης
583 1399 700 1444 μισεῖν
735 1394 799 1433 τὸν
826 1393 1029 1445 θρασύτητι
1057 1392 1283 1445 ὀρεγόμενον.
1342 1399 1403 1441 67,
1431 1402 1472 1434 4:
1509 1392 1725 1433 ἀπέκτειναν

285 1456 424 1501 πάντας
451 1458 514 1495 καὶ
542 1458 579 1502 ἐς
606 1455 796 1507 φάραγγας
823 1457 994 1506 ἐσέβαλον
1021 1459 1248 1501 δικαιοῦντες
1273 1462 1348 1502 τοῖς
1376 1456 1504 1502 αὐτοῖς
1522 1455 1726 1506 α’μύνεσθαι

291 1517 418 1570 οἷσπερ
446 1520 508 1558 καὶ
536 1520 575 1558 οἷ
599 1517 887 1568 Λακεδαιμόνιοι
919 1516 1149 1571 15231519511214).
1205 1522 1264 1566 71,
1297 1525 1339 1559 4:
1376 1519 1524 1570 λέγομεν
1550 1516 1638 1568 ύμῖν
1666 1519 1730 1558 ἐᾶν

288 1584 402 1621 οἰκεῖν
431 1580 532 1631 (τούς
562 1582 786 1631 Πλαταιέας)
814 1580 1046 1632 αὐτονόμους
1073 1581 1242 1631 καθάπερ
1266 1584 1481 1627 Παυσανίας
1508 1583 1726 1621 ἐδικαίωσεν.

286 1649 338 1684 IV
368 1651 430 1691 64,
460 1652 501 1685 2:
540 1643 626 1690 τοῦς
662 1643 791 1690 ἄλλους
827 1646 958 1684 δικαιῶ
995 1643 1108 1683 ταύτό
1134 1660 1194 1694 μοι
1223 1648 1387 1694 ποιῆσαι.
1452 1651 1538 1693 122,
1569 1651 1611 1684 6:
1639 1642 1730 1695 εἶχεν

285 1705 309 1756 ἦ
338 1706 494 1756 ἀλήθεια
529 1708 612 1757 περὶ
649 1710 712 1756 τῆς
750 1706 987 1752 ἀποστάσεως
1022 1711 1154 1756 μᾶλλον
1193 1702 1214 1759 ᾖ
1250 1708 1289 1745 οἰ
1312 1705 1503 1756 Ἀθηναῖοι
1532 1708 1728 1746 ἐδικαίουν.

287 1774 329 1809 V.
361 1776 422 1817 26,
452 1776 488 1809 2.
533 1775 617 1817 105,
653 1775 682 1809 1.
725 1772 778 1808 VI
807 1775 867 1817 89,
897 1776 925 1808 e
961 1773 1037 1809 VII
1062 1776 1125 1816 68,
1158 1776 1188 1810 1.

287 1836 576 1871 Herodoteorum
616 1835 866 1881 exemplorum
909 1835 1054 1881 copiae,
1093 1847 1200 1882 quam
1239 1835 1558 1880 Schweighaeuser
1594 1835 1730 1883 aliique

285 1898 323 1933 in
352 1897 480 1933 lexicis
508 1901 778 1943 congesserunt,
806 1897 898 1933 adde
916 1897 975 1932 III
1007 1900 1038 1942 8,
1074 1900 1138 1933 13:
1170 1895 1209 1932 οί
1232 1896 1332 1942 φίλοι
1358 1895 1420 1932 καὶ
1448 1892 1553 1933 αὐτοὶ
1581 1893 1646 1939 ταὶς
1671 1896 1729 1932 πί-

286 1970 362 2002 στις
390 1958 569 1995 δικαιεῦσι
596 1957 780 2005 σέβεσθαι.
814 1962 872 2004 19,
895 1962 953 1996 13.
986 1963 1045 2004 52,
1067 1963 1100 1996 6.
1146 1960 1202 1996 IV
1221 1962 1305 2005 154,
1324 1960 1344 1995 7
1383 1959 1443 1995 IX
1465 1962 1524 2004 19,
1543 1963 1580 1997 4.
1610 1963 1672 2005 26,
1693 1963 1728 1996 2.

286 2081 508 2124 διαχρήσηται.
541 2083 682 2121 Xenoph.
699 2084 787 2112 Mem.
803 2083 846 2111 IV
862 2084 891 2119 2,
910 2084 964 2113 17:
988 2081 1096 2118 δείσας
1118 2079 1163 2123 μὴ
1187 2079 1398 2124 διαχρήσηται
1421 2081 1529 2115 ἑαυτόν
1550 2083 1728 2119 ostendunt,

287 2137 392 2165 omitto
414 2137 613 2166 recentiorum
635 2137 783 2174 exemplu.
828 2136 934 2172 Itaque
956 2136 1147 2173 Thucydides
1168 2136 1201 2167 11.
1224 2137 1256 2165 11.
1278 2137 1377 2165 Attice
1398 2137 1516 2166 locutus
1538 2139 1593 2166 est.

373 2199 404 2238 1)
426 2200 531 2236 Neque
563 2200 643 2229 enim
674 2200 824 2228 advocare
850 2199 920 2228 licet
943 2200 1036 2236 Legg.
1060 2201 1129 2229 714.
1153 2199 1198 2227 E:
1231 2197 1286 2230 καὶ
1308 2196 1426 2238 ἔφαμέν
1454 2209 1511 2231 που
1534 2197 1614 2230 κατὰ
1636 2196 1730 2238 φύσιν

286 2248 339 2282 τὸν
363 2249 517 2290 Πίνδαρον
548 2246 634 2290 ἄγειν
666 2250 844 2283 δικαιοῦντα
872 2248 907 2281 τὸ
941 2247 1125 2291 βιαιότατον,
1157 2247 1202 2286 ὥς
1223 2249 1328 2291 φάναι,
1359 2252 1470 2289 quippe
1500 2252 1608 2288 quibus
1630 2251 1731 2281 verbis

288 2304 383 2332 verba
405 2304 529 2332 Pindari
551 2304 582 2332 in
605 2303 696 2340 Gorg.
720 2312 751 2339 p.
774 2305 846 2333 484.
869 2305 894 2331 Β
917 2305 1040 2332 laudnt}
1060 2304 1331 2340 praestringuntur.

373 2365 404 2404 2)
428 2367 475 2395 De
497 2376 557 2403 qua
578 2376 609 2396 v.
633 2366 714 2396 Suid.
741 2375 765 2395 s.
789 2375 820 2395 v.
843 2365 992 2397 δικαιοῦν.

373 2431 405 2464 3)
429 2429 465 2457 V.
489 2429 667 2458 Boehmium
690 2429 729 2457 ad
753 2429 847 2457 Thuc.
870 2429 915 2456 111
937 2431 988 2459 40.

370 2493 404 2528 4)
427 2492 516 2521 Hunc
538 2493 635 2521 locum
658 2493 683 2521 si
706 2492 929 2528 comparaveris
962 2501 1029 2521 cum
1051 2493 1066 2520 1
1088 2493 1139 2529 42,
1165 2494 1199 2520 1:
1231 2487 1367 2528 α’ξιοῦτω
1397 2493 1462 2526 τοῖς
1493 2487 1611 2529 ὁμοίοις
1641 2488 1732 2531 ἡμᾶς

289 2539 484 2582 ἀμύνεσθαι,
517 2545 679 2574 discrimen
710 2545 791 2581 quod
815 2545 939 2573 classen
969 2544 1021 2583 (ad
1043 2545 1138 2573 Thuc.
1162 2545 1176 2572 1
1200 2543 1274 2582 140)
1302 2545 1381 2574 inter
1407 2540 1512 2580 ἀξιοῦν
1543 2546 1573 2572 et
1594 2542 1731 2575 δικαιοῦν

289 2597 394 2628 statuit
423 2605 485 2626 non
519 2598 635 2627 servari
663 2597 832 2634 intelleges.
877 2597 914 2626 V.
935 2597 1070 2626 eiusdem
1092 2597 1127 2626 V.
1152 2597 1191 2626 D.
1222 2596 1447 2627 adnotationem
1468 2596 1507 2626 ad
1529 2596 1621 2626 Thac.
1643 2596 1659 2625 Ι
1679 2598 1730 2628 42.
