1910 2806
825 86 1087 130 —‘42-

337 194 384 229 In
420 205 488 229 usu
525 193 642 241 χρῆν
667 192 854 237 vocabuli,
891 204 928 242 q.
955 204 988 230 e.
1014 193 1200 231 orandum
1226 195 1354 240 edere,
1388 194 1534 232 oraculo
1568 194 1677 243 celate

231 260 274 293 ut
292 285 301 293 .
322 283 350 300 .,
378 255 584 300 vaticinari,
611 266 825 302 responsum
852 256 950 301 dare,
977 256 1221 305 postseepici
1238 256 1366 304 tragici
1393 255 1533 301 comici,
1557 245 1675 294 Ekro-

231 320 338 355 dotus
370 318 607 368 'Thucydides
644 318 854 366 frequentes
893 321 989 363 sunt,
1027 319 1140 356 ceteri
1179 322 1301 357 sutem
1336 320 1530 366 scriptores
1554 318 1675 356 Attici

230 383 306 416 tam
333 380 453 427 parci,
492 382 534 416 ut
571 382 657 427 post
681 379 930 428 Thucydidem
966 393 986 417 e
1015 380 1199 418 cotidiano
1227 394 1391 419 sermone
1417 381 1585 419 videatur
1611 393 1674 418 ex-

230 442 374 479 cidisse.
428 444 495 479 Est
529 442 627 479 enim
661 443 759 488 apud
785 443 960 479 Herodot-
988 443 1010 479 Ι
1039 447 1101 486 66,
1130 447 1165 482 8.
1206 446 1290 489 174,
1320 448 1381 481 22.
1426 445 1468 481 Π
1500 447 1583 489 189,
1614 447 1675 482 10.

229 505 282 540 1v
313 506 373 549 67,
405 507 464 542 10.
507 508 591 548 150,
618 507 653 540 9.
695 506 780 549 159,
810 508 844 548 6,
875 508 908 541 8.
950 507 1036 550 168,
1067 509 1102 553 5,
1133 509 1192 542 14.
1249 507 1282 542 V
1312 509 1344 551 1,
1373 510 1407 544 6.
1445 509 1506 551 48,
1536 506 1571 543 7.
1612 506 1673 551 67,

233 570 292 604 11.
332 571 392 612 8ο,
423 572 456 604 5.
497 571 545 603 92
565 567 599 613 β,
631 571 676 603 15
726 568 778 603 VI
811 571 869 611 19,
898 571 933 611 2,
961 570 996 612 4,
1026 572 1061 604 6.
1101 570 1161 613 76,
1185 572 1217 606 1.
1257 570 1317 613 77,
1338 573 1372 605 8.
1416 571 1498 612 186,
1519 564 1554 605 2.
1599 569 1674 606 VII

234 633 317 674 140,
346 634 382 666 4.
427 633 511 674 141,
540 630 573 674 7,
605 632 664 666 11.
711 632 793 675 142,
825 631 857 666 7.
899 632 982 675 148,
1013 633 1071 665 18.
1109 633 1196 676 289,
1225 635 1248 667 4
1294 631 1388 669 VIII
1408 633 1469 676 51,
1490 632 1550 666 12.
1587 633 1673 675 185,

233 695 292 738 11,
326 696 394 736 16;
434 692 596 740 reliquos
628 692 727 728 locos
754 692 1076 738 Schweighaeuser
1103 693 1303 739 congeffin
1340 694 1437 741 apud
1463 692 1625 740 Thucyd.
1652 693 1673 729 1

234 758 318 799 123,
342 757 375 792 1.
406 757 491 798 134,
514 758 536 789 4
568 755 608 790 11
631 751 715 798 102,
738 757 758 789 5
797 755 858 790 111
879 757 939 798 96,
967 757 984 789 1
1016 754 1050 791 V
1072 757 1130 798 16,
1151 758 1187 791 2.
1216 758 1276 799 82,
1311 758 1351 800 ι,
1388 757 1546 792 ceterum
1575 755 1674 801 apud

229 817 385 863 Lycurg.
414 816 527 864 599„
562 816 627 852 ubi
663 819 784 853 orator
814 816 974 852 fabulam
1002 818 1183 864 quandam
1210 818 1255 853 ab
1281 817 1458 864 Euripide
1484 819 1672 853 tractatam

228 881 364 924 narrat,
392 882 430 915 et
456 878 553 925 apud
580 878 718 925 Ephor.
747 878 791 914 fr.
823 881 907 914 155.

229 943 339 988 Apud
368 942 566 988 scriptores
595 941 736 978 Atticos
770 953 836 988 pro
864 953 906 978 eo
934 935 1098 990 ἀναιρεῖν
1112 941 1148 988 l)
1175 940 1400 992 χρησμῳδεῖν
1427 937 1672 988 μαντεύεσθαι

229 1004 474 1040 invaluerunt.

316 1146 345 1186 1)
367 1148 403 1175 V.
427 1148 575 1184 Krucger.
599 1147 638 1176 sd
661 1147 754 1176 Thuc.
777 1148 792 1175 1
817 1148 887 1184 126,
910 1148 938 1175 2.
