1910 2806
899 83 902 87 .
1618 59 1621 62 ·
1679 51 1682 53 ’
1727 49 1862 75 ⁸

899 106 951 116 -
1004 81 1055 129 28
1109 108 1159 117 -
1845 90 1852 101 1

308 190 446 229 servari
482 181 548 227 aut
572 190 735 229 affectari
762 192 865 229 solet.
919 192 1130 229 Herodotus
1146 191 1182 240 ¹)
1219 204 1305 229 vero
1342 194 1381 229 et
1405 181 1649 240 Hippocrates
1674 195 1753 243 ‘noh

308 257 433 289 carent
460 254 658 300 exemplis:
685 254 770 291 vide
792 255 929 292 Herod.
948 255 990 290 ΙΙ
1010 257 1070 299 85,
1095 257 1140 291 2:
1168 255 1305 302 θρῆνοι
1331 252 1372 291 δὲ
1397 252 1459 291 καὶ
1486 252 1600 299 ταφαί
1624 262 1749 300 σφεων

308 314 377 351 εἰσὶ
405 314 502 351 αἵδε·
530 318 624 352 τοῖσι
651 311 698 352 ὃν
725 311 943 365 ἀπογένηται
972 314 1011 353 ἐκ
1040 317 1113 353 τοῖν
1131 315 1259 353 οἰκίων
1277 312 1480 365 ἄνθρωπος
1497 344 1505 353 .
1528 343 1535 352 .
1556 344 1565 354 .
1598 320 1682 361 136,
1701 317 1745 353 17

306 379 368 415 111
399 381 483 423 111,
514 381 560 414 12
602 379 632 413 v
655 381 690 423 4,
720 383 754 424 5,
783 382 804 415 8
846 380 901 416 VI
922 382 981 424 58,
1015 382 1083 416 182
1112 375 1269 425 φάμενοι
1287 375 1352 416 τόν
1377 375 1531 416 &maimo
1557 376 1628 415 αἰεὶ
1654 373 1747 416 ἀπὸ·

307 436 500 488 γενόμενον
537 442 610 477 τοῖν
646 439 823 487 βασιλέων
855 442 987 477 τοῦτον
1013 437 1061 488 δὴ
1088 440 1256 490 γενέσθαι
1286 437 1444 491 ὅῖριστον.
1497 441 1675 490 Hippocr.
1701 443 1748 489 de

306 503 527 550 septimeetri
554 506 661 550 partu
687 504 759 540 vol.
774 504 883 540 XXI.
910 516 945 551 p.
965 506 1052 541 464.
1080 506 1192 541 med.:
1217 505 1290 540 τῶν
1315 502 1539 553 γιγνομὲνων
1564 502 1627 540 καὶ
1653 500 1748 541 ἄπο-

306 564 539 613 γιγνομένων,
568 567 612 602 de
639 566 781 603 mulier.
810 568 923 603 morb.
951 566 1015 605 lib.
1034 568 1067 603 I.
1096 567 1170 604 vol.
1190 567 1321 604 XXII.
1348 580 1384 614 p.
1404 568 1491 604 647.
1509 568 1625 604 med-z
1652 562 1745 603 αἶπο-
1785 571 1787 574 ’

306 628 439 675 γίνεται
465 626 528 663 καὶ
556 624 672 670 οὕτως
698 624 739 663 τό
767 627 916 664 παιδίον
953 629 1173 676 (praeceditz
1209 625 1255 675 ἢν
1289 625 1358 677 γὰρ
1398 629 1449 678 τῷ
1484 628 1620 678 παιδίῳ
1647 625 1747 675 παρὰ

305 687 346 726 τὸ
375 688 466 732 ἔθος
494 704 527 726 τι
554 687 711 738 γένηται,
739 688 801 725 καὶ
828 686 875 736 ἢν
900 686 1054 739 σμικρόν
1081 688 1132 726 ἔτι
1161 682 1195 741 ᾖ,
1223 687 1406 739 θνήσκει),
1434 692 1480 728 de
1499 692 1639 728 morbb.
1667 692 1747 728 vul-

306 765 380 797 gar.
408 753 471 791 lib.
500 753 564 788 IV.
593 753 665 789 vol.
692 753 844 790 XXIII.
873 765 907 799 p.
939 756 1024 791 532.
1054 754 1146 790 med.
1176 765 1211 799 p.
1243 756 1330 790 542.
1358 765 1416 790 ex.
1735 796 1738 799 Δ

305 815 493 862 Exemplis
530 827 622 863 quae
649 814 689 851 in
717 815 843 862 Steph.
871 815 1041 852 thesauro
1069 827 1089 851 e
1116 815 1379 852 recentioribus
1407 816 1643 863 scriptoribus
1669 816 1746 852 leu-

305 879 438 914 dantur
464 879 557 914 adde
584 878 683 914 Plut.
712 879 802 914 Mor.
830 890 865 924 p.
897 881 983 914 109.
1011 878 1039 913 F
1071 881 1155 914 113.
1175 878 1207 912 D
1234 878 1389 915 Aristid.
1416 879 1488 917 vol.
1516 879 1566 915 II.
1594 891 1630 926 p.
1658 881 1745 915 313.

306 942 401 977 med.
428 940 583 988 (Dind.).
638 941 793 977 Pausan.
820 941 927 978 VIII.
957 944 1017 977 32.

307 1002 408 1041 Quae
436 1014 655 1050 quamquam
681 1002 734 1038 ita
761 1014 799 1038 ee
818 1004 965 1047 habent,
993 1003 1226 1047 tamen-hanc
1242 1002 1339 1038 inter
1358 1002 1605 1049 Thucydidem
1626 1003 1744 1039 Hero-

304 1066 429 1101 dotum
456 1064 717 1111 Hippocratem
754 1064 1030 1101 similitudinem
1066 1076 1140 1100 non
1175 1064 1285 1100 nimis
1311 1077 1447 1111 premo.
1501 1065 1620 1101 Simili
1647 1065 1744 1101 enim

304 1128 497 1174 euphemia
523 1127 694 1173 Xenoph.
732 1128 813 1174 Cyr.
840 1128 904 1163 111
934 1130 966 1171 1,
999 1130 1043 1162 13
1083 1127 1115 1161 V
1143 1130 1179 1171 4,
1210 1130 1251 1162 11
1293 1127 1386 1163 Plat.
1414 1128 1526 1173 Legg.
1554 1140 1588 1174 p.
1609 1131 1696 1163 945.
1718 1128 1744 1163 G

313 1190 377 1225 alii
405 1188 570 1236 οἴχεσθαι
597 1202 663 1236 pro
692 1184 942 1235 ἀποθνήσκειν
970 1189 1153 1225 dixerunt.

409 1264 446 1296 A
454 1257 582 1308 ὖχεῖν
618 1263 715 1309 quod
741 1262 782 1296 in
808 1265 996 1309 poetarum
1024 1262 1194 1307 operibus
1223 1262 1368 1305 crebro,
1406 1263 1502 1308 apud
1529 1262 1745 1308 posteriores

305 1324 479 1360 orationis
516 1324 656 1360 solutae
693 1323 888 1372 scriptores
924 1323 984 1359 hic
1017 1322 1093 1359 illic
1121 1322 1416 1370 deprehenditur,
1442 1324 1539 1370 apud
1566 1323 1741 1362 Herodot.

305 1391 361 1423 est
387 1388 428 1422 II
462 1390 546 1431 160,
575 1390 619 1422 2:
658 1381 831 1421 ἆπίκοντο
858 1381 1004 1421 Ἠλείων
1038 1381 1179 1432 ἄγγελοι
1215 1380 1404 1430 αὐχέοντες
1440 1381 1654 1420 δικαιότατα
1681 1384 1744 1421 καὶ

304 1444 473 1485 κάλλιστα
511 1446 655 1484 τιθέναι
691 1443 755 1483 τόν
786 1444 824 1483 ἐν
847 1444 1037 1498 Ὀλυμπίῃ
1065 1442 1187 1495 ἆγῶνα
1214 1442 1363 1483 πάντων
1390 1442 1613 1495 ἀνθρώπων.
1671 1448 1744 1484 VII

309 1516 391 1559 103,
410 1516 465 1556 13,
494 1512 590 1559 apud
608 1512 720 1547 Thuc.
739 1512 780 1547 H
801 1514 859 1555 39,
882 1515 926 1547 3:
954 1506 1093 1552 πάντας
1121 1504 1295 1556 αὐχοῦσιν
1314 1506 1521 1547 ἀπεοῖσθαι.
1549 1510 1603 1546 1v
1628 1514 1685 1555 19,
1708 1515 1743 1547 3.

302 1575 460 1611 Aliunde
489 1587 535 1610 ex
556 1574 712 1610 Atthide
740 1585 866 1610 eruere
894 1586 940 1610 ne
959 1572 1103 1610 Veitch.
1133 1572 1280 1621 quidem
1306 1572 1448 1617 „Greek
1465 1572 1604 1609 Verbs“
1634 1574 1676 1619 (s.
1693 1574 1743 1620 v.)

302 1638 434 1683 potuit.

303 1700 398 1735 Item
437 1697 619 1734 rarissime
655 1697 695 1733 in
722 1697 874 1733 Atthide
910 1696 1143 1744 reperiuntur
1181 1708 1274 1744 quae
1302 1707 1349 1731 ex
1377 1692 1500 1742 αὐχεῖν
1526 1697 1634 1733 ducta
1660 1700 1746 1734 sunt

302 1761 450 1797 nomina
469 1755 633 1806 αὕχηματ
661 1761 773 1798 Thuc.
795 1761 835 1796 II
859 1763 919 1805 62,
944 1763 966 1795 4
995 1759 1071 1795 VH
1093 1762 1155 1803 66,
1177 1762 1210 1795 3.
1241 1759 1300 1803 75,
1323 1763 1364 1802 6;
1395 1754 1543 1805 αὕχησις
1564 1759 1674 1796 Thuc.
1691 1760 1744 1797 VI

306 1826 365 1867 16,
379 1827 422 1867 5;
449 1818 655 1868 ὖπὲραυχος
672 1822 768 1857 Xen.
792 1825 899 1867 Ages.
919 1821 979 1856 XI
1004 1823 1062 1856 11.
1089 1822 1281 1856 Praeterea
1299 1816 1442 1867 αὔχημα
1462 1821 1596 1866 legitur
1621 1822 1743 1869 (Plat.)

247 1889 250 1891 ’
302 1885 459 1922 Axioch.
487 1897 522 1932 p.
544 1887 631 1921 365.
653 1887 696 1931 A,
724 1896 833 1933 quem
852 1887 973 1920 tamen
997 1882 1179 1928 dialogum
1199 1883 1244 1918 ab
1265 1882 1413 1920 homine
1434 1895 1506 1919 non
1526 1883 1745 1921 Atheniensi

301 1952 338 1983 et
366 1947 430 1995 qui
456 1947 570 1983 multo
597 1950 680 1992 post
706 1946 804 1982 vixit
830 1945 1076 1991 conscriptum
1097 1957 1174 1981 esee
1201 1957 1306 1981 nemo
1326 1945 1437 1994 hodie
1456 1949 1512 1981 est
1539 1946 1602 1993 qui
1621 1950 1743 1993 neget.

302 2010 345 2047 V.
373 2009 469 2045 Sittl.
498 2008 635 2053 ‚histor.
663 2008 777 2045 litter.
808 2008 946 2044 Graec!
972 2007 1023 2042 II.
1055 2010 1141 2043 298.

408 2072 439 2106 Β
452 2068 473 2107 o'
483 2081 535 2106 σκ
547 2083 563 2106 ε
575 2084 615 2106 ιν
642 2072 794 2107 verbum
814 2070 1023 2106 Herodotus
1042 2072 1079 2105 et
1095 2070 1326 2116 Thucydides
1351 2069 1430 2105 sine
1453 2070 1529 2106 ulla
1546 2070 1744 2116 hominum,

301 2134 347 2170 de
376 2133 509 2181 quibus
536 2133 673 2177 dicunt,
701 2131 974 2178 contemptione
1001 2133 1281 2177 usurpaverunt,
1308 2131 1372 2167 ille
1394 2133 1415 2167 I
1434 2134 1495 2177 44,
1515 2135 1559 2168 9:
1599 2130 1743 2168 οἰκίοισι

301 2191 572 2241 ὑποδεξάμενος
606 2190 671 2231 τόν
709 2194 827 2238 ξεῖνον
863 2191 981 2239 φονέα
1016 2194 1082 2229 τοῦ
1111 2189 1246 2236 παιδός
1273 2189 1451 2230 ἐλάνθανε
1477 2189 1635 2240 βόσκων.
1688 2195 1744 2233 VI

303 2262 363 2302 39,
396 2260 467 2293 15:
500 2253 708 2303 Μιλτιάδης
736 2254 824 2303 ἴσχει
852 2251 918 2302 τήν
949 2251 1180 2303 Χερσόνησον
1206 2254 1468 2298 πεντακοσίους
1493 2251 1640 2302 βόσκων
1667 2254 1742 2292 ἔπι-

300 2315 472 2369 κούρους,
500 2320 560 2356 hic
587 2320 686 2357 VIII
715 2323 775 2365 48,
806 2322 849 2356 5:
886 2314 929 2354 τά
967 2330 1004 2354 τε
1031 2317 1274 2367 Συρακοσίων
1310 2315 1383 2367 ἔφη
1419 2314 1520 2365 ὅμως
1554 2316 1606 2355 ἔτι
1642 2314 1742 2366 ἥσσω

301 2382 372 2417 τῶν
406 2380 591 2429 σφετέρων
631 2377 741 2418 εἶναι·
782 2377 940 2428 χρήμασι
977 2376 1044 2428 γὰρ
1086 2375 1221 2422 αὐτούς
1255 2379 1566 2429 ξενοτροφοῦντας
1603 2379 1666 2416 καὶ
1704 2379 1743 2417 ἐν

385 2528 417 2564 1)
438 2528 475 2556 V.
498 2528 592 2557 Stein.
625 2527 665 2555 ed
686 2527 799 2556 Herod.
820 2527 851 2555 11
874 2527 924 2555 85.
968 2526 1115 2557 Valcken.
1147 2529 1177 2557 et
1198 2526 1380 2567 wesseling.
1413 2526 1453 2555 nd
1483 2525 1598 2556 Herod.
1619 2526 1649 2558 11
1672 2527 1742 2559 136,

300 2582 448 2620 Krueger.
472 2581 512 2611 ad
535 2581 629 2611 Thue.
652 2581 682 2611 11
705 2581 755 2613 34.
