1910 2806
782 842 950 882 CAPUT
979 843 1024 883 V.

554 958 622 1001 De
653 958 906 1002 verborum
938 958 1258 1002 collocatione.

290 1105 337 1141 In
364 1105 502 1140 duabus
527 1103 730 1140 rationibus
761 1105 873 1141 verba
899 1104 1098 1141 collocandi
1126 1105 1372 1152 Thucydidem
1401 1105 1515 1150 magis
1542 1118 1623 1141 cum

187 1168 374 1203 Herodoto
402 1178 509 1214 quam
536 1179 617 1202 cum
644 1167 774 1202 ceteris
800 1167 1036 1213 scriptoribus
1064 1165 1195 1203 Atticis
1223 1168 1426 1203 consentire
1455 1168 1621 1213 cognovi.

188 1232 242 1267 Ac
267 1230 423 1276 primum
452 1229 596 1277 quidem
620 1230 830 1266 Herodotus
858 1233 895 1266 et
912 1229 1143 1277 Thucydides
1161 1230 1284 1266 multis
1302 1229 1391 1266 locis
1413 1231 1622 1276 genetivum

189 1292 407 1329 substantivi
442 1291 540 1327 inter
575 1291 879 1337 praepositionem
915 1295 953 1327 et
977 1304 1110 1327 nomen
1137 1304 1184 1327 ex
1211 1304 1254 1327 ea
1280 1294 1461 1338 pendens,
1496 1305 1621 1341 quam-

190 1366 297 1403 quam
323 1354 468 1403 utrique
495 1353 670 1390 vocabulo
698 1353 869 1389 articulus
895 1353 1094 1397 antecedit,
1131 1353 1389 1400 interponunt,
1426 1355 1621 1400 rarissime,

189 1420 364 1465 quantum
391 1417 476 1461 scio,
502 1416 576 1452 illi:
611 1416 764 1462 Antiph.
785 1416 826 1451 11
835 1415 859 1462 β
878 1420 900 1452 3
917 1416 970 1462 l):
1008 1411 1073 1469 διὰ,
1102 1416 1167 1461 τῆς
1201 1414 1336 1464 ἔχθρας
1372 1412 1413 1452 τό
1450 1415 1619 1465 μέγεθος.

185 1480 324 1529 Andoc.
343 1480 363 1514 Ι
383 1481 448 1516 15:
474 1475 554 1526 περὶ
582 1478 655 1513 τῶν
679 1472 824 1525 Ἑρμῶν
850 1478 915 1524 τῆς
942 1478 1154 1525 περικοπῆς.
1182 1478 1274 1516 Plat.
1293 1479 1388 1515 Crat.
1405 1492 1441 1525 p.
1462 1482 1550 1517 400.
1567 1479 1622 1515 D:

186 1539 269 1591 περὶ
304 1542 378 1578 τῶν
413 1542 514 1578 θεῶν
549 1542 621 1577 τῶν
658 1536 862 1587 ὀνομάτων,
903 1554 939 1588 p.
961 1544 1047 1578 403.
1067 1542 1124 1577 A:
1162 1539 1246 1589 περὶ
1273 1536 1405 1578 τούτου
1432 1542 1498 1578 τοῦ
1526 1543 1622 1578 θεοῦ

185 1606 251 1651 τῆς
277 1601 476 1651 δυνάμεως.
514 1605 624 1651 Legg.
653 1617 690 1650 p.
713 1607 801 1641 691.
824 1605 876 1640 B:
903 1600 1037 1640 τούτου
1056 1602 1139 1652 περὶ
1166 1604 1231 1640 τοῦ
1258 1600 1410 1646 πάθους
1436 1605 1499 1651 τῆς
1526 1602 1622 1652 γενέ-

185 1678 286 1710 σεως.
316 1687 367 1694 —
393 1668 472 1703 Iam
494 1667 673 1705 Herodoti
700 1671 736 1702 et
762 1667 981 1714 Thucydidis
1009 1666 1176 1712 exempla
1201 1668 1394 1713 proferam.
1444 1667 1581 1703 Herod.
1600 1668 1622 1702 Ι

189 1733 250 1775 51,
270 1734 312 1766 9:
350 1727 411 1766 ἐπὶ
447 1730 512 1765 τοῦ
548 1728 727 1777 προνηίου
765 1729 830 1775 τῆς
856 1728 998 1776 γωνίης.
1054 1732 1115 1773 90,
1143 1733 1213 1766 20:
1241 1726 1303 1764 ἐπὶ
1338 1730 1405 1765 τοῦ
1438 1730 1532 1775 νηοῦ
1558 1725 1622 1765 τόν

186 1788 308 1829 οὐδόν.
360 1796 421 1836 94,
444 1795 513 1828 35:
551 1789 613 1827 ἐπὶ
649 1792 715 1826 τοῦ
750 1789 917 1837 βασιλέος
942 1792 1009 1826 τοῦ
1035 1787 1176 1832 παιδός.
1233 1794 1316 1835 114,
1336 1794 1406 1827 20:
1433 1787 1527 1839 πρὸς
1553 1793 1621 1827 τοῦ

186 1849 370 1901 βουκόλου
406 1853 471 1889 τοῦ
496 1847 710 1900 Ἀστυάγεος
737 1848 879 1893 παιδός.
933 1855 1020 1897 209,
1039 1855 1084 1888 3:
1111 1851 1150 1887 ἐν
1176 1853 1250 1887 τῶν
1278 1850 1548 1900 Μασσαγετέων
1575 1854 1620 1904 τῇ

186 1912 295 1966 χαίρῃ.
336 1917 376 1952 ΙΙ
400 1916 433 1960 7,
456 1918 497 1952 5:
525 1911 600 1951 ἀπὸ
627 1916 701 1950 τῶν
728 1910 896 1950 δυώδεκα
922 1915 1024 1950 θεῶν
1051 1915 1116 1950 τοῦ
1135 1914 1274 1960 βωμοῦ.
1318 1919 1378 1960 29,
1401 1918 1468 1953 16:
1498 1914 1536 1958 ἐς
1553 1917 1621 1952 τοῦ

189 1977 323 2015 Νείλου
341 1974 382 2014 vd
399 1975 563 2026 ῥέεθρον.
603 1981 663 2023 94,
681 1981 724 2014 2:
747 1972 821 2013 άπό
841 1977 914 2012 τῶν
931 1976 1186 2024 σιλλικυπρίων
1204 1978 1270 2012 τοῦ
1288 1978 1445 2025 καρποῦ.
1479 1981 1564 2022 133,
1580 1982 1621 2015 1:

187 2037 274 2088 μετὰ
300 2041 364 2087 τῆς
389 2036 573 2089 θυγατρός
598 2036 638 2076 τὸ
658 2036 792 2083 πάθος.
841 2042 923 2082 143,
947 2042 1017 2075 10:
1045 2038 1083 2075 ἐκ
1109 2040 1175 2075 τοῦ
1194 2035 1343 2088 ι’ίγχιστα
1361 2035 1622 2084 ἀποθανόντος

183 2104 249 2149 τῆς
276 2099 425 2145 εἰκόνος.
478 2103 540 2139 ΙΙΙ
561 2103 620 2147 37,
644 2106 690 2138 4:
719 2100 755 2144 ἐς
782 2102 848 2137 τοῦ
873 2096 1083 2146 Ἥφαίστου
1111 2098 1151 2137 τό
1180 2098 1272 2149 ἱρόν.
1322 2103 1384 2147 37,
1409 2107 1449 2139 9:
1484 2101 1522 2145 ἐς
1548 2104 1622 2139 τῶν

188 2165 380 2214 Καβείρων
406 2160 446 2201 τὸ
475 2162 566 2213 ἱρόν.
609 2168 668 2210 88,
693 2164 761 2202 17:
788 2159 855 2200 σῦν
881 2164 947 2200 τοῦ
973 2161 1094 2199 ἵππου
1121 2164 1165 2215 τῇ
1185 2159 1306 2215 ἀρετῇ.
1352 2168 1436 2211 126,
1457 2169 1500 2203 5:
1528 2162 1621 2202 κατοὶ

185 2230 258 2265 τῶν
287 2224 433 2277 Μάγων
469 2224 535 2275 τὴν
571 2227 770 2274 βασιληίην.
793 2220 796 2223 ’
823 2230 906 2271 158,
929 2230 973 2263 8:
1010 2224 1048 2268 ἐς
1083 2227 1150 2262 τοῦ
1187 2223 1279 2270 Διὸς
1314 2229 1380 2264 τοῦ
1419 2224 1541 2275 Βήλου
1579 2226 1620 2265 τό

186 2288 277 2340 ἱρόν.
324 2292 380 2328 IV
398 2295 432 2335 2,
456 2294 498 2327 5:
535 2289 573 2333 ἐς
607 2291 679 2326 τῶν
723 2286 865 2336 θηλέων
901 2287 1025 2324 ἵππων
1067 2285 1111 2327 τοὶ
1150 2285 1287 2339 ὄῖρθρα.
1344 2294 1405 2336 20,
1434 2291 1467 2329 7.
1495 2295 1556 2337 49,
1585 2295 1619 2328 4.

271 2456 301 2499 1)
323 2457 391 2486 Ηοο
410 2457 580 2494 exemplum
601 2456 691 2486 etiam
712 2456 887 2485 Brueekner
907 2464 937 2492 p.
954 2457 1004 2485 12.
1026 2458 1056 2485 et
1077 2456 1180 2494 Meyer
1202 2456 1260 2493 ,De
1273 2457 1401 2487 Arriano
1416 2457 1620 2495 'Thucydideo‘

185 2521 216 2549 p.
234 2513 282 2541 10.
304 2514 495 2540 notaverunt.
539 2509 685 2539 Arrianus
713 2510 792 2539 enim
813 2509 891 2540 hanc
911 2509 1074 2539 verborum
1096 2510 1342 2539 collocandorum
1364 2511 1511 2540 rationem
1531 2512 1622 2541 valde

186 2562 310 2596 mavit.
351 2563 388 2592 V.
410 2562 558 2592 Boehner.
579 2571 610 2600 p.
626 2562 676 2593 24.
