1910 2806
31 0 208 30 ”ww
467 0 471 3 -
481 0 495 5 „

173 194 310 233 exarsit
335 215 386 222 --
412 193 593 243 opposuit.
655 193 773 241 IgItur
808 193 1032 244 Thucydidis
1069 194 1094 231 l.
1121 194 1146 232 1.
1183 189 1452 244 ὑποκρίνεσθαι
1489 206 1607 240 servo,

171 260 355 296 servatum
381 248 603 304 interpretor
629 258 880 305 ,respondere‘.

173 320 369 361 Quaerenti
404 319 468 356 ubi
504 321 690 366 praeterea
726 320 765 356 in
803 320 972 367 operibus
999 320 1121 357 Attice
1164 321 1375 369 conscriptis
1413 315 1604 369 ὑποκρίνε-

173 385 264 419 σθαι
302 395 368 430 pro
413 377 678 430 ἀποκρίνεσθαι
716 382 851 419 dictum
884 382 953 428 sit,
992 383 1132 419 nullum
1161 395 1306 430 possum
1336 384 1521 430 porrigere
1556 384 1609 419 lo-

172 458 253 483 oum
280 445 353 482 nisi
393 445 519 482 tritum
557 445 660 481 illum
687 445 965 493 Xenophontis,
1004 446 1222 483 dubitationi
1260 447 1367 483 valde
1407 446 1605 483 obnoxium

174 510 281 544 Mem.
301 509 322 557 Ι
342 511 376 551 3,
400 511 438 545 1:
466 502 625 554 φανερᾶς
651 499 698 553 ἦν
724 506 786 543 καὶ
813 509 929 544 ποιῶν
955 506 1017 543 καὶ
1042 506 1155 556 λέγων
1181 501 1275 558 ᾗπερ
1303 503 1328 554 ἦ
1351 509 1482 544 Πυθία
1508 505 1604 544 nino-

172 569 330 619 κρίνεται
356 571 431 613 τοῖς
458 567 619 619 ἐρωτῶσι
655 569 735 613 πῶς
762 568 819 607 δεῖ
842 572 959 608 ποιεῖν
985 566 1011 618 ἢ
1035 568 1119 619 περὶ
1145 570 1281 614 θυσίας
1307 566 1332 618 ἢ
1358 569 1440 620 περὶ
1460 598 1469 607 .
1488 598 1497 608 .
1519 598 1527 608 .
1550 599 1559 607 .
1581 566 1606 618 ἦ

172 629 241 682 γάρ
263 632 394 669 Πυθία
420 629 520 682 νόμῳ
548 629 685 675 πόλεως
711 629 857 682 ἀναιρεῖ
880 635 1078 675 ποιοῦντας
1104 630 1262 683 εὐσεβῶς
1289 630 1334 669 ἂν
1360 637 1488 671 ποιεῖν.
1533 635 1606 671 Hic

171 700 292 733 tamen
317 695 490 732 memoria
516 695 648 733 codicis
676 698 708 731 A
737 707 954 744 quamquam
982 695 1171 732 deterioris
1197 692 1430 744 ἀποκρίνεται
1457 700 1606 744 propter

171 759 394 795 simillimum
420 758 539 795 locum
564 759 620 796 IV
649 762 683 803 3,
714 762 782 796 16:
819 754 909 794 ὅταν
944 770 999 800 τις
1035 754 1149 794 αὐτόν
1183 759 1248 805 (sc.
1283 754 1347 795 τὸν
1381 757 1419 795 ἐν
1448 760 1606 804 Δελφοῖς

172 816 279 866 θεὸν)
312 818 475 869 ἐπερωτᾷ
510 820 588 862 πῶς
615 816 661 855 ἄν
688 822 765 861 τοῖς
790 821 895 861 θεοῖς
920 818 1108 866 χαρίζοιτο,
1136 816 1371 867 ἀποκρίνεται
1398 817 1510 870 ,νόμῳ
1537 818 1605 856 πό-

170 884 283 927 λεως,
319 881 383 919 ubi
418 885 572 932 uterque
608 883 723 919 codex
749 876 982 931 ἀποκρίνεται
1008 881 1168 930 exhibet,
1196 882 1340 920 videtur
1367 883 1606 930 praeferenda

170 958 258 983 esse.
312 946 417 982 Certe
452 946 546 982 nihil
582 946 731 992 expedit
768 958 963 992 provocare
1000 946 1045 981 ed
1077 946 1213 982 Herod.
1240 947 1260 981 I
1297 949 1358 990 91,
1388 949 1458 983 29:
1493 947 1607 981 ταῦτα

172 1006 237 1056 μὲν
271 1004 297 1056 ἦ
337 1007 466 1055 Πυθίη
502 1003 713 1057 ὑπεκρίνετο
751 1010 845 1045 τοῖσι
881 1007 1050 1044 Λυδοῖσι.
1112 1009 1298 1046 Herodoto
1334 1008 1431 1045 enim
1469 1008 1607 1058 ubique

172 1072 281 1108 etiam
324 1071 453 1108 invitis
498 1071 681 1107 codicibus
726 1067 991 1118 ὑποκρίνεσθαι
1036 1073 1258 1107 reddendum
1297 1084 1374 1107 esse
1406 1073 1606 1109 Bredovius

172 1146 208 1181 p.
237 1137 297 1170 36.
326 1146 400 1182 seq.
429 1134 702 1170 demonstravit.

170 1196 335 1232 Ionicum
372 1208 450 1232 esse
483 1190 745 1243 ὑποκρίνεσθαι
780 1208 890 1232 sensu
925 1196 1168 1242 respondendi
1205 1199 1349 1242 praeter
1379 1197 1606 1232 Herodotum

171 1258 414 1305 Hippocrates
441 1259 486 1294 de
513 1258 637 1294 fractis
663 1259 736 1295 vol.
754 1258 902 1294 XXIII.
930 1270 966 1305 p.
988 1259 1048 1295 81.
1076 1271 1112 1305 p.
1132 1262 1192 1294 94.
1221 1271 1256 1306 p.
1277 1261 1337 1296 98.
1365 1262 1401 1294 et
1429 1258 1605 1294 Arrianus

171 1322 211 1356 in
238 1321 376 1357 Indicis
390 1320 425 1367 1)
452 1324 642 1357 testantur.
696 1322 800 1357 Adde
826 1315 1019 1368 ὑπόκρισις
1036 1338 1089 1351 =
1115 1333 1326 1366 responsum
1354 1334 1401 1356 ex
1428 1321 1604 1368 Hippocr.

173 1384 217 1419 de
245 1383 352 1430 capit.
380 1382 559 1419 vulnerib.
587 1383 660 1419 vol.
688 1382 836 1421 xxm.
863 1395 898 1429 p.
930 1382 1015 1419 357.

274 1447 433 1482 Verbum
461 1441 704 1490 φονεύειν,
734 1446 830 1493 quod
856 1448 913 1481 est
939 1446 1033 1491 apud
1056 1446 1217 1493 Thucyd.
1239 1447 1260 1481 I
1281 1449 1339 1490 50,
1362 1448 1380 1481 1
1418 1446 1481 1481 111
1502 1448 1562 1489 81,
1582 1448 1605 1480 4

171 1509 245 1544 VII
259 1511 333 1556 -29,
362 1512 397 1544 4.
437 1510 497 1551 85,
531 1511 546 1542 l
596 1507 691 1544 VIII
719 1510 780 1551 95,
808 1511 831 1543 6
867 1508 911 1543 ab
945 1508 1090 1543 exculto
1118 1507 1322 1543 Atticorum
1349 1519 1515 1543 sermone
1543 1519 1608 1554 pe-

168 1570 281 1607 destri
317 1570 474 1606 alienum
509 1582 588 1606 esse
626 1573 663 1606 et
697 1568 904 1617 ubicunque
941 1570 1037 1616 apud
1063 1570 1206 1606 Atticos
1243 1570 1399 1606 occurrit
1435 1581 1482 1605 ex
1519 1571 1606 1605 Iade

169 1633 328 1669 residere
363 1644 443 1667 cum
469 1632 730 1667 Eutherfordio
768 1632 822 1679 (in
848 1633 985 1678 Phryn.
1015 1644 1051 1678 p.
1082 1632 1158 1679 15.)
1192 1644 1256 1678 pro
1284 1635 1381 1667 certo
1409 1633 1546 1668 habeo:
1585 1644 1606 1666 a

170 1695 322 1731 Platone
360 1694 456 1730 enim
492 1694 618 1742 (Legg.
645 1707 680 1742 p.
710 1695 795 1732 871.
823 1695 856 1729 D
897 1707 933 1741 p.
964 1694 1050 1731 873.
1077 1694 1124 1741 Ε)
1165 1690 1334 1739 φονεύειν
1368 1694 1407 1730 in
1443 1694 1607 1730 iudiciali

170 1757 332 1793 oratione
359 1756 561 1792 adhibitum
589 1760 654 1801 est,
685 1768 756 1803 qua
782 1768 889 1793 voces
908 1756 1089 1792 obsoletas
1109 1755 1173 1792 diu
1192 1756 1331 1793 servari
1350 1768 1454 1792 nemo
1473 1756 1607 1800 nescit;

169 1819 257 1855 item
284 1818 440 1865 priscum
468 1818 642 1866 loquendi
669 1830 804 1854 morem
831 1818 1084 1865 Theopompus
1111 1819 1155 1855 fr.
1185 1821 1259 1854 249
1289 1819 1338 1855 M.
1365 1819 1511 1854 videtur
1532 1830 1606 1854 ser-

169 1892 284 1917 vasse.
336 1880 619 1926 Xenophontem
656 1884 797 1924 autem,
841 1880 905 1929 qui
932 1882 1040 1917 Mem.
1068 1882 1089 1917 I
1117 1884 1152 1925 2,
1183 1884 1241 1917 11.
1290 1881 1372 1929 Cyr.
1399 1881 1462 1917 111
1491 1885 1526 1924 3,
1556 1883 1604 1916 64

171 1943 244 1980 VII
266 1946 298 1988 1,
324 1945 371 1979 32
400 1937 567 1987 φονεύειν
594 1943 754 1987 exhibet,
781 1944 893 1980 verba
919 1956 941 1980 a
965 1943 1110 1990 vulgari
1133 1955 1200 1979 usu
1218 1946 1355 1980 remota
1374 1942 1604 1979 admiscuisse

170 2017 279 2052 supra
305 2004 474 2041 vidimus.

170 2069 228 2106 Ab
259 2068 444 2104 Herodoto
480 2069 593 2104 verba
629 2064 799 2113 φονεύειν
814 2097 823 2114 ,
867 2064 1133 2113 καταφονεύειν
1171 2069 1403 2116 frequentata
1438 2079 1516 2103 esse
1557 2080 1604 2104 ex

171 2132 418 2177 exemplorum
457 2143 549 2177 quae
576 2130 897 2175 Schweighaeuser
932 2131 1080 2176 collegit
1116 2143 1311 2178 eorumque
1349 2142 1441 2177 quae
1476 2131 1605 2167 allatu-

169 2205 231 2230 rus
254 2205 333 2229 sum
358 2191 593 2228 multitudine
619 2204 831 2238 cognosces:
858 2192 913 2229 IV
932 2195 993 2237 64,
1011 2195 1046 2230 3.
1075 2195 1160 2236 203,
1184 2195 1242 2228 19.
1286 2192 1317 2228 V
1338 2192 1398 2237 71,
1422 2193 1454 2229 7.
1485 2193 1546 2238 77,
1568 2193 1602 2230 7.

172 2260 219 2292 92
249 2269 282 2302 η,
310 2259 344 2291 4.
391 2258 474 2299 102,
506 2258 551 2290 10
598 2255 650 2289 VI
678 2258 737 2299 26,
766 2258 801 2290 9.
844 2258 910 2298 45,
940 2258 974 2290 4.
1022 2256 1082 2299 78,
1110 2256 1131 2290 7
1180 2256 1251 2291 VH
1281 2255 1314 2299 7,
1345 2259 1380 2292 8.
1423 2259 1510 2297 233,
1544 2259 1601 2292 18.

169 2320 264 2356 Item
287 2321 413 2365 poetae
440 2316 569 2362 tragici
583 2314 618 2364 ⁵)
646 2320 683 2352 et
708 2316 951 2353 recentiorum
978 2316 1192 2364 scriptorum
1219 2329 1299 2353 cum
1327 2317 1390 2353 alii
1417 2321 1493 2353 tum
1517 2318 1605 2353 Plu-

170 2383 314 2420 tarchus
340 2384 377 2418 et
403 2379 546 2416 Cassius
572 2379 642 2416 Dio
670 2392 712 2416 ea
738 2380 849 2417 verba
875 2383 1006 2416 amant.

256 2473 287 2514 1)
307 2474 455 2511 Exempla
476 2481 551 2510 quae
572 2472 604 2500 in
625 2473 663 2502 iis
684 2475 803 2501 exstent
823 2472 963 2502 Boehner
984 2482 1014 2510 p.
1038 2475 1065 2502 7.
1089 2473 1223 2510 collegit.

255 2526 286 2565 2)
307 2527 461 2564 Exemplis
482 2536 500 2555 a
520 2525 734 2555 Rutherfordio
765 2526 866 2555 allatis
898 2526 976 2555 adde
998 2524 1201 2566 συμφονεύειν
1223 2526 1327 2564 Eurip.
1349 2527 1423 2556 Hec.
1447 2528 1505 2558 391
1540 2528 1604 2556 Ion.

172 2580 361 2608 851..1045.
