1910 2806
876 62 1137 110 μεζὸ..ἢ

283 171 318 215 V
347 181 407 223 29,
440 177 508 215 10:
535 167 715 221 ἆπέδεξαν
741 173 896 220 τούτους
922 174 989 225 τήν
1014 173 1121 214 πόλιν
1147 176 1275 225 νέμειν.
1318 179 1379 224 71,
1399 180 1443 232 ὃς
1471 174 1511 216 οἰ
1536 172 1731 228 πρυτάνιες

284 241 358 276 τῶν
384 236 613 288 ναυκράρων,
654 238 693 276 οἱ
717 253 785 289 περ
814 238 943 287 ἔνεμον
969 236 1049 276 τότε
1074 237 1140 284 τοὶς
1165 236 1335 289 Ἀθήνας.
1392 245 1440 278 92
1460 240 1485 289 β
1514 246 1555 279 8:
1582 234 1630 290 ἦν
1655 240 1729 279 ὀλι-

286 302 413 351 γαρχίη
441 300 501 338 καὶ
531 295 634 339 οὗτοι
664 299 866 350 Βακχιάδαι
892 299 1102 349 καλεόμενοι
1128 302 1258 350 ἔνεμον
1284 300 1351 351 τήν
1377 301 1492 341 πόλιν.
1535 305 1611 342 VII
1642 308 1728 354 158,

290 368 334 401 12
363 366 439 413 (ΙΙΙ
468 368 528 410 39,
559 365 598 413 5)
634 366 687 403 ite.
726 366 957 414 Thucydides
1000 370 1144 413 praeter
1180 365 1331 403 διοικεῖν
1367 367 1477 414 (VIII
1509 367 1595 414 21),
1633 368 1729 415 quod

283 427 480 473 scriptores
508 428 623 464 Attici
659 440 796 475 ponere
828 429 966 472 solent,
1004 428 1213 473 significatu
1248 429 1525 465 administrandi
1564 427 1729 475 νέμειν

283 489 381 526 dixit
406 490 428 525 Ι
460 493 543 535 120,
571 491 608 526 I:
647 486 714 538 χρὴ
752 486 839 532 τούς
875 485 1058 538 ἡγεμόνας
1090 486 1134 526 τοὶ
1173 489 1248 527 ἴδια
1285 488 1322 534 ἔξ
1360 489 1443 527 ἴσου
1478 488 1653 538 νέμοντας
1682 487 1727 527 τοὶ

283 548 391 587 κοινὰ
418 554 652 600 προσκοπεῖν.
707 553 803 589 VIII
831 553 894 600 70,
925 556 966 588 1:
1002 548 1047 587 τοὶ
1083 548 1170 587 ἄλλα
1205 551 1333 599 ἔνεμον
1367 549 1459 588 κατὰ
1498 549 1632 601 κράτος
1658 549 1727 600 τήν

283 610 392 650 πόλιν
407 616 456 662 ¹).
511 616 583 651 Eos
610 615 831 651 recentiores
859 615 975 652 secuti
1002 618 1099 651 sunt.

284 677 374 712 Eam
411 680 532 712 eutem
571 677 679 712 huius
716 677 820 714 verbi
857 677 1182 721 significationem,
1226 690 1317 725 quae
1355 678 1412 714 illi
1450 678 1629 722 subiacet,
1665 678 1730 722 ‚lo-

287 750 368 774 cum
406 738 565 787 aliquem
605 738 804 786 partitione
854 739 948 775 facta
994 738 1204 785 possidendi
1252 740 1314 775 vel
1348 739 1532 776 incolendi
1571 739 1729 789 indeque

283 803 440 838 fructum
468 802 718 849 percipiendi‘,
749 814 967 850 quamquam
994 802 1032 837 in
1060 802 1162 839 nullo
1201 803 1297 849 quod
1324 805 1478 839 aetatem
1505 803 1591 838 tulit
1616 814 1725 849 opere

282 867 407 901 vetere
443 864 626 913 reperitur
664 864 738 900 nisi
790 864 830 900 in
866 864 1046 900 Herodoti
1089 867 1125 900 et
1160 864 1384 912 Thucydidis
1420 865 1525 901 libris
1561 869 1599 902 et
1633 865 1758 919 apud,

283 931 422 974 poetas,
448 931 570 963 tamen
598 927 638 963 in
665 928 791 963 Attico
818 940 983 964 sermone
1003 927 1217 973 Thucydide
1243 928 1442 973 posteriore
1470 940 1542 964 non
1560 928 1728 964 interisse

287 1002 334 1024 ex
361 989 500 1035 Ephori
528 990 572 1025 fr.
603 993 651 1025 26
671 990 710 1025 Μ
739 992 776 1025 et
801 989 1026 1035 Theopompi
1053 990 1098 1024 fr.
1128 992 1200 1024 221
1216 1001 1237 1024 a
1264 989 1444 1024 discimus.
1499 989 1604 1027 Quod
1633 1002 1726 1025 com-

283 1064 453 1096 memoro,
490 1063 536 1087 ne
564 1051 647 1099 quis
673 1051 853 1097 Kruegeri
880 1052 926 1087 ad
953 1051 1065 1087 Thuc.
1093 1052 1113 1086 Ι
1143 1055 1177 1095 2,
1209 1055 1224 1086 l
1258 1051 1528 1087 adnotationem
1555 1064 1726 1098 perverse

282 1113 473 1161 percipiat.

389 1176 434 1211 N
437 1176 647 1222 εοχμοῦν
673 1188 700 1213 s.
720 1176 883 1222 νεοχμεῖν
901 1176 1063 1220 verbum,
1092 1188 1127 1224 q.
1148 1188 1180 1212 e.
1208 1176 1395 1221 innovare,
1422 1188 1479 1212 res
1506 1188 1621 1213 noves
1648 1188 1725 1212 mo-

282 1238 363 1282 liri,
410 1251 504 1274 unus
549 1251 597 1274 ex
640 1238 807 1275 omnibus
845 1237 1084 1284 scriptoribus
1123 1238 1254 1274 Atticis
1291 1238 1521 1286 Thucydides
1566 1239 1727 1275 servavit

284 1302 305 1338 Ι
327 1305 385 1347 12,
404 1305 447 1339 2:
476 1297 591 1338 πολλοὶ
619 1296 838 1348 ἐνεόχμωσεν
865 1313 914 1338 sc.
942 1295 966 1347 ἦ
993 1296 1239 1349 ἆναχοόρησις;
1268 1300 1452 1351 ceteroqui
1480 1301 1613 1349 etipse
1637 1313 1722 1337 νεω·

284 1364 431 1412 τερίζειν
457 1364 642 1410 praetulit.
686 1365 794 1410 Apud
822 1364 1047 1399 Herodotum
1075 1367 1194 1399 autem
1221 1376 1295 1399 non
1323 1364 1438 1399 solum
1464 1365 1642 1410 νεοχμοῦν
1668 1365 1723 1400 IV

288 1429 385 1472 201,
417 1429 461 1462 15
516 1427 550 1463 V
581 1428 645 1471 19,
678 1429 742 1470 13,
780 1426 840 1461 sed
880 1425 987 1462 etiam
1028 1425 1247 1462 adiectivum
1287 1422 1440 1473 νεοχμός
1479 1426 1537 1462 IX
1566 1428 1634 1467 99.
1666 1426 1723 1463 17.

287 1493 372 1533 104,
401 1493 422 1523 6
450 1489 603 1534 legitur,
640 1489 738 1536 quod
774 1491 829 1523 est
865 1488 974 1524 etiam
1010 1489 1107 1534 apud
1134 1488 1311 1534 Hippocr.
1346 1490 1391 1523 de
1419 1475 1560 1524 mulier.
1588 1488 1724 1525 morbis

282 1551 344 1589 lib.
373 1552 402 1587 1.
432 1551 505 1588 vol.
532 1550 663 1587 XXII.
691 1563 727 1598 p.
757 1553 844 1588 638.
872 1561 942 1595 ex„
970 1549 1034 1587 lib.
1062 1550 1115 1586 ΙΙ.
1143 1562 1178 1597 p.
1210 1553 1296 1588 805.
1325 1562 1381 1587 ex.

386 1615 589 1661 Utrumque
616 1614 832 1649 vocabulum
870 1614 967 1659 apud
1003 1617 1129 1662 poetas
1156 1614 1323 1669 durasse,
1361 1626 1382 1649 a
1407 1613 1642 1659 scriptoribus
1669 1626 1725 1649 re-

284 1676 457 1713 centioris
485 1675 615 1712 aetatis
641 1675 680 1710 in
707 1675 823 1711 lucem
851 1687 975 1711 rursus
1002 1675 1184 1721 prolatum
1212 1687 1291 1712 esse
1318 1687 1397 1711 cum
1426 1680 1463 1711 et
1489 1688 1509 1712 e
1536 1675 1663 1715 lexicis
1691 1679 1728 1712 et

282 1752 302 1775 e
320 1739 488 1776 Rutherf.
515 1739 750 1776 adnotatione
772 1741 830 1773 15.
858 1739 904 1773 ad
922 1739 1061 1785 Phryn.
1088 1750 1123 1783 p.
1145 1741 1192 1772 20
1221 1742 1467 1783 cognoscatur,
1497 1737 1578 1773 aliis
1605 1750 1726 1774 exem-

281 1802 354 1848 plis
381 1801 567 1837 illustrare
595 1801 823 1847 supersedeo.
827 1797 917 1846 ——*)

390 1861 593 1911 „vabo
606 1865 749 1899 εσθαι
790 1863 896 1899 verbi
945 1862 1248 1908 significationem
1294 1862 1488 1900 eveniendi
1534 1830 1719 1899 accidendi

227 1921 229 1923 ¹
282 1928 482 1963 secundum
510 1939 563 1973 ea,
592 1938 684 1974 quae
712 1927 756 1961 de
784 1925 823 1960 vi
850 1925 1010 1961 nominis
1037 1921 1208 1972 ξυμφοραί
1244 1926 1329 1961 huic
1355 1926 1463 1972 plene
1491 1926 1725 1973 respondenti

369 2031 399 2069 1)
421 2031 468 2060 Cf.
490 2031 596 2072 Thom.
621 2031 701 2065 Mag.
726 2039 750 2059 s.
775 2039 805 2059 v.
830 2027 932 2067 νέμωε
966 2026 1033 2059 ἔστι
1055 2026 1091 2060 δὲ
1111 2026 1146 2064 τὸ
1169 2027 1253 2068 νέμω
1276 2027 1346 2060 α’ντὶ
1366 2030 1420 2060 τοῦ
1444 2047 1485 2052 --
1507 2027 1561 2060 καὶ
1582 2022 1654 2060 α’ντῖ
1671 2028 1725 2060 τοῦ

281 2084 400 2116 διοικῶ.
446 2076 645 2121 Θουκυδίδης
666 2079 698 2112 ἐν
719 2080 761 2121 τῇ
784 2077 905 2120 ὀγδόῃ·
938 2078 988 2116 ,τὰ
1010 2078 1047 2111 δὲ
1068 2076 1147 2111 ἄλλα
1169 2079 1272 2119 ἔνεμον
1294 2078 1375 2113 κατὰ
1398 2078 1512 2119 κράτος
1533 2078 1591 2120 τὴν
1614 2078 1723 2112 πόλιν.

281 2137 456 2172 Perpetem
466 2134 560 2164 schol.
583 2134 731 2171 explicat:
749 2130 897 2171 ἐνέμοντο
918 2130 973 2163 καὶ
994 2130 1194 2170 ἐκαρποῦντο.

367 2196 517 2236 (Valde
539 2197 643 2226 dubito
666 2204 739 2224 num
760 2195 881 2232 Ssuppe
904 2194 1038 2235 (lexilog
1053 2195 1193 2231 Xenoph.
1215 2205 1237 2224 s
1261 2205 1292 2227 v.
1315 2191 1506 2234 οἷπονοστιῖν)
1528 2194 1652 2224 Classen
1675 2195 1726 2234 (ed

280 2251 373 2279 Thuc
396 2250 443 2278 111
464 2251 516 2286 89,
539 2248 570 2287 2)
601 2248 654 2278 elii
686 2243 963 2284 οἷπονοστέίν,
995 2243 1254 2278 ιὲπονοστεῖν
1284 2248 1322 2276 ab
1344 2247 1445 2276 Attico
1468 2256 1606 2277 sermone
1628 2248 1726 2277 soluto

280 2306 360 2331 recte
383 2302 634 2331 abiudienvorint.
678 2301 757 2330 Nam
779 2296 955 2330 οἷπονοστεῖν
979 2304 1025 2329 est
1045 2300 1127 2337 apud
1149 2300 1326 2330 Thuc.V11
1348 2302 1399 2337 87,
1417 2302 1434 2329 6
1472 2299 1612 2336 Xenoph.
1628 2299 1725 2328 Anah.

279 2357 326 2384 111
351 2357 400 2391 15,
425 2356 464 2384 16
487 2356 673 2392 περινοστεῖν
696 2354 777 2391 apud
799 2353 956 2382 Demosth.
973 2352 1046 2382 XIX
1069 2354 1130 2382 255
1161 2353 1240 2381 Plat.
1264 2353 1333 2389 Rpl.
1361 2362 1390 2389 p.
1406 2353 1475 2382 558.
1497 2350 1527 2384 A
1549 2349 1725 2383 υπονοστεῖν

279 2408 361 2444 apud
383 2408 477 2435 Thuc.
499 2407 546 2434 111
568 2407 619 2442 89,
643 2408 672 2436 2.
717 2406 797 2434 Sane
831 2406 1055 2433 concedendum
1085 2409 1131 2434 est
1163 2405 1312 2433 neminem
1338 2405 1459 2441 saepius
1481 2405 1637 2433 Herodoto
1658 2413 1725 2432 cum

279 2460 375 2488 verbo
392 2460 511 2490 ,νοστεῖν
533 2462 597 2486 tum
620 2452 800 2488 α’πονοστεῖν
821 2466 909 2487 usum
931 2466 1018 2486 esse:
1041 2458 1078 2486 cf.
1102 2458 1128 2485 V
1153 2459 1201 2486 24.
1225 2458 1275 2495 92.
1311 2458 1356 2485 VI
1373 2458 1422 2487 61.
1440 2458 1488 2485 82.
1527 2457 1586 2484 VII
1609 2457 1658 2485 88.
1674 2458 1725 2485 50.

282 2513 350 2540 107.
376 2513 446 2540 148.
470 2511 541 2540 22⁹.
566 2512 637 2539 232.
670 2527 710 2532 —
742 2510 785 2538 IV
810 2511 858 2539 77.
885 2511 956 2538 132.
980 2510 1047 2538 152.
1075 2511 1145 2538 159.
1167 2510 1236 2538 206.
1274 2509 1300 2536 V
1325 2511 1394 2538 118.
1439 2509 1481 2536 VI
1504 2510 1556 2538 27.
1579 2509 1629 2538 92.
1667 2508 1725 2537 V11

280 2564 327 2593 10.
353 2564 421 2592 137.
448 2564 516 2591 171.
540 2563 611 2592 281.
649 2562 726 2591 VIII
751 2564 799 2591 10.
825 2563 875 2592 88.
919 2562 990 2589 Ali·
1011 2562 1149 2598 exempla
1171 2560 1438 2598 Schweighueuser
1460 2560 1642 2598 suppeditat.
