1910 2806
834 78 1096 119 -44-

239 182 312 219 Sed
348 186 510 229 opponet
548 184 731 232 quispiam
767 184 973 233 (Aeschin.)
1012 186 1119 232 epist.
1148 187 1198 222 X.
1232 189 1277 222 8:
1318 183 1357 222 ἕν
1383 186 1429 236 τῇ
1458 181 1687 237 Tumida-yffi

240 248 278 283 et
296 245 387 283 Plat.
407 245 516 293 Soph.
536 258 572 294 p.
595 249 685 285 242.
704 247 759 285 D:
781 242 899 290 Ἰάδες
925 244 966 283 δὲ
992 245 1055 284 καὶ
1069 247 1217 284 Σικελαί
1243 260 1337 291 τινες
1363 243 1513 296 ὕστερον
1532 248 1685 284 Μοῦσαι

238 304 527 353 ξυννενοήκασιν.
582 311 635 345 At
670 313 850 346 auctorem
886 310 986 345 illius
1023 311 1203 356 epistulae
1229 312 1313 347 aliis
1340 323 1486 359 quoque
1511 311 1551 346 in
1577 312 1685 347 rebus

239 373 365 406 contra
393 370 596 407 Atticorum
633 371 778 408 dicendi
813 371 1113 409 consuetudinem
1149 385 1316 420 peccasse
1347 372 1444 409 infra
1469 372 1685 410 videbimus.
1735 406 1741 415 ,

238 434 403 469 Platonis
439 437 562 470 autem
597 436 697 471 locus
737 438 905 472 accurata
952 439 1037 482 eget
1082 436 1399 483 contemplatione.
1464 436 1556 473 Nam
1599 435 1685 484 quia

237 495 313 531 illis
339 495 462 532 verbis
490 497 725 543 Empedocles
753 499 789 533 et
808 496 1017 533 Heraclitus
1035 498 1229 546 Ephesius,
1258 510 1409 546 quorum
1438 499 1529 534 alter
1555 510 1685 545 poema

237 558 404 595 versibus
431 559 589 597 heroicis
607 559 700 597 alter
718 572 809 607 opus
827 560 978 597 vocibus
997 561 1148 608 tropicis
1166 564 1307 599 scatens
1322 561 1357 609 l)
1377 561 1544 607 confecit,
1572 561 1685 608 signi-

238 621 403 665 ficantur,
431 622 535 657 Plato
563 622 716 668 poeticis
743 622 867 659 verbis
894 626 1019 669 poetas
1046 623 1168 669 lepide
1187 624 1388 670 appellavit
1407 636 1580 672 suamque
1603 636 1681 660 ora·

238 685 376 720 tionem
403 685 523 721 colore
550 685 706 731 poetico,
733 690 775 722 ut
802 686 904 731 solet,
932 685 1056 723 tinxit.

238 747 316 781 Iam
355 746 541 782 videamus
569 747 792 795 Thucydidis
833 751 871 784 et
897 749 1078 785 Herodoti
1107 749 1294 795 exempla:
1332 749 1444 786 Thuc.
1473 751 1493 785 1
1525 751 1608 793 131,
1640 751 1682 784 1:

238 807 275 851 ἒς
301 805 366 851 τοὶς
395 805 569 852 Κολωνάς
595 805 660 852 uic
693 807 882 859 Τρῳάδας.
937 811 992 849 IV
1022 814 1081 856 61,
1112 815 1157 848 21
1195 811 1239 862 τῇ
1261 806 1354 847 Ἰάδι
1381 810 1575 862 ξυγγενείᾳ.
1629 811 1682 849 VI

241 875 301 916 62,
330 875 375 909 2:
402 866 526 914 Ἑλλὰς
552 868 667 915 πόλις.

240 936 299 971 Ex
348 935 535 972 Herodoto
590 936 680 972 haec
726 937 856 973 afferre
906 936 994 973 satis
1047 937 1183 973 habeo:
1235 934 1274 972 ἐν
1322 937 1366 987 τῇ
1419 933 1563 983 Τρωάδι
1615 937 1681 987 γῇς

239 999 270 1033 V
301 1002 362 1042 26,
392 1003 426 1034 4.
463 1019 515 1025 —
553 998 594 1034 αἱ
622 995 740 1041 Ἰάδες
776 995 919 1041 πόλειςε
956 1000 977 1034 Ι
1007 1002 1096 1043 142,
1137 1002 1195 1035 16.
1248 1002 1331 1044 149,
1364 1002 1393 1035 1.
1449 1000 1502 1036 VI
1531 1003 1591 1044 31,
1621 1002 1680 1036 11.

238 1055 360 1106 ἦἸᾶς
387 1057 552 1108 στρατιή·
580 1061 614 1098 V
643 1065 702 1106 33,
734 1065 767 1098 3.
815 1062 887 1097 VII
917 1061 979 1106 97,
1008 1066 1043 1098 4.
1092 1057 1168 1103 Ἰἆς
1195 1060 1333 1098 δίαιται
1361 1061 1416 1097 IV
1444 1064 1505 1105 95,
1535 1065 1568 1098 8.
1612 1056 1683 1104 Ἰἂς

238 1119 372 1169 ἐσθήςε
402 1124 432 1156 V
463 1125 523 1168 87,
554 1127 613 1161 15.
660 1127 721 1169 88,
752 1127 784 1160 1.
837 1119 948 1166 Ἰάδες
973 1121 1067 1166 νέεςε
1096 1124 1149 1161 VI
1178 1127 1213 1169 9,
1244 1127 1277 1160 5.
1318 1124 1415 1161 VIII
1447 1127 1529 1168 130,
1555 1127 1611 1161 13.
1631 1146 1681 1150 —

234 1181 360 1228 Ἑλλάς
386 1186 449 1234 γῆς
490 1187 565 1223 V11
606 1190 691 1232 135,
731 1189 791 1223 12.
853 1181 977 1229 Ἑλλάς
1012 1188 1154 1234 γλῶσσα
1191 1188 1232 1222 11
1272 1190 1339 1231 56,
1388 1189 1445 1223 10.
1494 1187 1578 1231 137,
1620 1190 1680 1223 21.

241 1251 326 1294 143,
356 1252 416 1284 20.
477 1252 559 1294 144,
588 1253 624 1286 9.
674 1252 759 1294 154,
783 1250 815 1285 7.
857 1250 911 1286 IV
941 1250 1001 1294 76,
1029 1250 1050 1284 7
1080 1249 1159 1296 (sed
1177 1261 1211 1285 v.
1234 1253 1295 1284 22.
1314 1243 1497 1294 Ἑλληνίδα
1516 1247 1679 1298 ἐσθῆτα).

242 1314 328 1357 110,
357 1316 391 1349 3.
437 1315 519 1356 155,
552 1315 609 1348 16.
648 1314 734 1357 192,
765 1315 824 1348 16.
872 1312 1008 1357 V196,
1030 1314 1088 1348 16.
1133 1311 1228 1349 V111
1250 1314 1413 1359 135,12.
1458 1311 1517 1347 1x
1540 1314 1677 1356 16,13.

237 1372 343 1416 πυλὶς
367 1369 511 1417 Ἑλλὰςι
547 1375 602 1411 IV
633 1377 691 1418 12,
728 1378 762 1410 6.
818 1375 850 1410 V
879 1378 926 1410 93
959 1377 1017 1410 11.
1074 1375 1147 1410 vn
1176 1378 1235 1416 22,
1267 1377 1325 1410 15.
1371 1376 1454 1418 115,
1488 1378 1521 1410 3.
1574 1369 1678 1416 Ἰλιὰς

236 1432 356 1485 leion:
385 1437 417 1472 V
446 1440 506 1482 94,
539 1440 603 1473 13:
624 1432 735 1479 Ἰλιᾶς
761 1437 808 1485 γῆ
836 1437 910 1472 VII
939 1440 998 1481 42,
1028 1436 1061 1473 7.

235 1501 313 1536 Ν66
350 1512 436 1536 vero
476 1501 594 1536 facere
629 1512 774 1547 possum
813 1501 901 1547 quin
929 1499 1191 1536 Rutherfordio
1218 1511 1439 1546 repugnem,
1476 1512 1558 1536 cum
1584 1499 1680 1536 inter
1718 1546 1720 1548 .

234 1563 323 1599 haec
351 1563 529 1600 vocabula
559 1561 695 1610 Περσίς
720 1563 866 1599 referat.
907 1563 988 1599 Hoc
1016 1562 1113 1598 enim
1140 1565 1183 1598 ut
1209 1574 1230 1598 a
1249 1561 1460 1609 Thucydide
1488 1563 1507 1597 I
1529 1564 1614 1607 138,
1639 1565 1681 1598 1:

235 1627 299 1671 τῆς
330 1624 510 1672 Περσίδος
545 1621 706 1673 γλώσσης
744 1626 797 1661 ita
823 1627 869 1662 ab
896 1626 1058 1661 Isocrate
1086 1625 1119 1661 V
1148 1629 1220 1661 66:
1246 1619 1319 1660 15πό
1353 1623 1532 1671 Περσίδος
1556 1638 1680 1672 γυναι-

235 1684 302 1731 κός
338 1688 586 1735 Xenophonte
623 1688 707 1738 Cyr.
743 1688 782 1724 II
824 1692 855 1733 1,
888 1691 929 1725 1:
975 1686 1138 1735 Περσίδα
1171 1688 1239 1735 γῆν
1277 1687 1374 1724 VIII
1404 1690 1437 1732 5,
1475 1690 1544 1723 25:
1578 1683 1678 1737 χώρᾳ

239 1750 392 1797 Περσίδι
426 1751 605 1787 adiectivc
642 1751 802 1797 positum
837 1753 905 1794 est;
943 1750 1085 1786 accedit
1121 1751 1218 1797 quod
1255 1750 1327 1786 alia
1360 1750 1537 1787 vocabula
1563 1749 1602 1785 in
1629 1763 1679 1793 -ις

236 1813 453 1857 desinentia,
481 1816 522 1848 ut
541 1813 694 1860 Λοκρίς,
722 1814 829 1849 modo
857 1812 1120 1848 adiectivorum
1146 1813 1253 1848 modo
1281 1812 1595 1849 substantivorum
1624 1813 1679 1849 vi-

180 1878 183 1880 ’
235 1887 312 1911 66111
339 1876 436 1922 apud
465 1875 608 1911 Atticos
635 1875 813 1911 obtinent.

665 2000 689 2046 ξ
717 1997 759 2040 2.
812 1997 877 2037 De
904 1996 1255 2048 pronominibus.

340 2073 600 2121 Thucydidem,
630 2085 711 2109 cum
734 2073 831 2108 haud
851 2071 976 2118 paucis
994 2072 1082 2108 locis
1100 2072 1316 2118 pronomina
1334 2073 1453 2120 σφῶν,
1481 2071 1606 2117 σφίσιν
1633 2074 1679 2108 ad

235 2137 438 2172 subiectum
478 2137 639 2172 eiusdem
676 2134 859 2172 enuntiati
896 2135 1047 2178 rettulit,
1088 2135 1109 2170 J
1112 2147 1221 2171 onum
1266 2147 1401 2171 morem
1439 2134 1586 2172 dicendi
1621 2147 1679 2171 re·

233 2199 373 2245 cepisse
401 2210 516 2234 sermo
536 2198 715 2234 Herodoti
743 2196 913 2233 ostendit.
967 2198 1024 2231 Ex
1051 2198 1119 2232 hoc
1146 2197 1287 2244 aliquot
1305 2197 1471 2243 exempla
1495 2198 1679 2243 congessit

233 2261 483 2296 Grundmann.
521 2273 556 2307 p.
588 2263 659 2305 53.,
700 2258 935 2307 Thucydidea
974 2262 1152 2307 quotquot
1184 2259 1428 2297 inveniuntur
1465 2259 1612 2305 collegit
1643 2263 1680 2295 et

233 2323 414 2369 disposuit
441 2324 607 2368 Krueger
641 2324 687 2358 ad
714 2323 826 2358 Thuc.
854 2322 873 2356 I
902 2324 963 2365 25,
1000 2325 1020 2355 2
1066 2322 1109 2357 ΙΙ
1138 2324 1197 2365 65,
1226 2325 1260 2356 9.
1324 2322 1379 2357 De
1405 2322 1474 2357 hoc
1500 2334 1569 2357 usu
1596 2333 1678 2357 cum
1753 2374 1755 2376 ι

231 2385 430 2422 Arndtium
457 2385 524 2429 ,De
551 2385 808 2431 pronominum
835 2383 1094 2420 reflexivorum
1121 2396 1189 2419 usu
1215 2384 1313 2430 apud
1339 2383 1507 2420 Graecos‘
1535 2403 1585 2409 -—
1614 2383 1678 2431 qui

232 2448 379 2484 libellus
406 2448 510 2484 doleo
528 2449 625 2496 quod
642 2447 733 2483 mihi
755 2458 828 2482 non
852 2449 995 2492 praesto
1018 2450 1074 2482 est
1099 2467 1150 2473 —
1178 2446 1445 2484 accuratissime
1467 2445 1677 2493 exposuisse

318 2572 348 2612 1)
372 2574 408 2601 V.
434 2572 528 2601 Clem.
550 2572 636 2601 Alex.
660 2571 793 2608 ,Strom.¹
817 2572 853 2600 V.
877 2580 906 2607 p.
932 2571 1004 2600 676.
1025 2571 1060 2600 P.
