1910 2806
738 129 790 137 ...
841 100 891 146 67
943 128 996 137 ....

134 213 342 254 sententiis
377 227 399 251 a
432 212 609 261 particula
646 212 680 250 εἰ
712 213 973 262 incipientibus
987 202 990 205 ’
1004 228 1086 252 eum
1113 218 1288 263 adoptant
1301 216 1348 263 1),
1375 215 1583 253 Herodotus

151 278 191 315 ΙΙ
210 281 270 324 64,
291 281 335 315 93
363 274 397 313 εἰ
420 268 474 312 ὦν
500 270 593 312 εἶναι
616 277 667 328 τῷ
693 277 772 328 θεῷ
795 278 902 314 τοῦτο
931 272 984 326 μὴ
1000 276 1120 325 φίλον,
1148 273 1216 315 οὐκ
1242 273 1289 315 ἂν
1315 275 1404 316 οὐδὲ
1430 274 1474 315 τά
1500 274 1584 326 κτή-

152 354 215 378 νεα
240 338 388 378 ποιέειν.
432 340 517 385 1⁷2,
543 343 606 377 19:
633 340 667 376 εἰ
690 337 866 389 πρότερον
892 336 985 377 εἶναι
1010 338 1189 388 δημότης,
1227 340 1298 378 ἀλλ’
1328 340 1368 378 ἐν
1403 344 1456 392 τῷ
1492 356 1583 389 παρ·

152 400 246 440 εόντι
279 397 373 439 εἶναι
400 397 522 438 αὐτῶν
556 399 732 448 βασιλεύς.
784 404 846 439 ΠΙ
870 406 952 452 105,
972 408 1014 440 6:
1051 402 1085 440 εἰ
1115 400 1167 451 μή
1202 400 1472 453 προλαμβάνειν
1497 400 1586 447 τούς

146 462 290 508 Ἰνδούς
315 466 382 512 τῆς
408 459 500 501 ὅδοῦ
526 462 564 501 ἐν
591 456 621 514 ᾦ
647 461 734 508 τούς
755 462 948 514 μύρμηκας
964 465 1211 515 συλλέγεσθαι,
1239 463 1372 503 οὐδένα
1397 462 1444 504 ἅν
1461 477 1586 513 σφεων

154 523 420 571 ἆποσοόζεσθαι.
470 530 556 572 108,
582 530 626 563 22
663 525 803 575 λέγουσι
839 526 900 563 καὶ
938 524 1020 564 τόδε
1042 525 1222 577 Ἀράβιοι,
1259 524 1310 572 ὥς
1336 530 1442 565 πᾶσα.
1466 525 1512 564 ἂν
1539 530 1586 577 γῆ

155 588 354 637 ἐπίμπλατο
392 589 465 625 τῶν
499 585 619 633 ὀφίων
654 585 792 626 τούτων
829 588 863 625 εἰ
886 586 936 636 μὴ
963 589 1153 638 γίγνεσθαι
1179 587 1254 627 κατ’
1283 587 1418 634 αὐτούς
1446 586 1527 627 οἷόν
1554 604 1587 626 τι

155 648 247 689 κατά
263 647 339 693 ’τάς
366 649 515 697 ἐχίδναςξ
529 647 735 697 ἠπιστάμην
751 651 915 700 γίνεσθαι
942 653 977 699 (1
998 655 1083 697 129,
1104 656 1150 688 14
1178 654 1253 690 VII
1272 657 1357 698 229,
1380 654 1462 701 15);
1490 654 1586 688 Thu-

158 715 303 763 cydides
320 714 376 750 IV
396 717 456 759 98,
476 716 518 751 4:
555 711 616 749 καὶ
650 709 763 759 αὐτοὶ,
798 712 832 749 εἰ
856 711 921 760 μὲν
948 712 1008 750 ἐπὶ
1036 712 1144 751 πλέον
1172 706 1379 763 δυνηθῆναι
1404 717 1469 763 τῆς
1496 714 1586 752 ἐκεί-

157 790 232 814 νων
258 777 454 825 κρατῆσαι,
490 773 582 814 τοῦτ’
622 772 668 813 ἂν
705 775 813 824 ἔχειν·
848 778 916 813 νῦν
950 773 1026 814 δ’ἐν
1060 776 1158 826 μέρει
1186 776 1295 823 εἰσίν,
1329 775 1471 822 ἑκόντες
1497 773 1589 815 εἶναι

158 836 208 883 οἷς
235 838 275 876 ἐκ
301 838 479 887 σφετέρου
506 836 575 876 οὐκ
603 835 758 876 άπιέναι.
813 840 914 879 Quae
948 842 1129 877 sententia
1164 840 1244 878 cum
1280 842 1421 878 irrealis
1454 843 1502 878 sit
1528 842 1589 888 (cf.

157 904 225 938 νῦν
253 899 292 938 δὲ
308 929 317 939 .
338 929 346 938 .
368 903 404 950 .),
431 903 608 948 Kruegeri
637 903 843 939 coniectura
869 901 1063 949 δυνηθεῖεν
1089 904 1272 940 reicienda
1298 907 1366 941 est.

263 987 427 1023 Diversis
466 987 509 1021 de
547 986 585 1023 vi
620 987 818 1032 particulae
855 981 902 1022 ἄν
939 988 1034 1033 apud
1062 987 1333 1023 coniunctivum
1360 987 1593 1033 opinionibus

159 1049 386 1096 perlustratis
429 1049 547 1085 facere
592 1061 664 1085 non
710 1061 854 1095 possum
900 1049 990 1098 quin
1034 1049 1281 1085 Baeumleinio
1327 1054 1364 1086 et
1407 1049 1592 1096 Leopoldo

160 1112 371 1154 Schmidtio,
400 1112 462 1159 qui
489 1112 527 1146 in
555 1113 855 1148 commentatione
882 1123 978 1148 anno
1000 1115 1111 1150 1869.
1138 1113 1236 1148 foras
1262 1113 1359 1148 edita
1386 1114 1442 1156 ,de
1462 1112 1595 1147 omissa

161 1174 255 1220 apud
284 1174 483 1220 optativum
512 1177 549 1209 et
575 1173 842 1210 coniunctivum
869 1169 916 1208 ἅν
942 1174 1129 1220 particula‘
1158 1174 1313 1210 dilucide
1332 1174 1511 1219 disseruit,
1539 1186 1594 1210 as-

163 1238 297 1273 sentiar
334 1242 443 1285 atque
484 1248 571 1283 „per
598 1231 643 1271 άν
669 1236 805 1285 aliquid
832 1249 897 1283 pro
924 1250 1012 1274 vero
1039 1238 1126 1283 poni
1154 1238 1378 1274 existimem:
1419 1238 1524 1273 modo
1552 1249 1596 1273 ea

162 1311 230 1343 res,
270 1310 376 1346 quam
413 1299 487 1334 vim
514 1300 656 1343 habeat,
691 1302 788 1334 recte
815 1299 1021 1344 accipiatur.
1074 1299 1220 1335 Scilicet
1246 1300 1309 1346 qui
1337 1300 1459 1335 dedita
1485 1310 1596 1345 opera

166 1361 303 1411 aliquid
337 1362 390 1398 ita
423 1360 636 1408 pronuntiat
670 1364 711 1398 ut
746 1361 782 1396 id
819 1364 1001 1410 tamquam
1037 1373 1102 1408 pro
1129 1357 1216 1398 vero
1243 1362 1401 1408 positum
1427 1361 1593 1406 intellegi

167 1426 298 1460 debere
325 1425 482 1468 denotet,
520 1426 589 1460 hoc
626 1425 721 1459 haud
749 1425 856 1459 dubie
883 1424 1060 1460 audientis
1087 1435 1195 1460 causa
1220 1425 1310 1460 facit
1335 1425 1442 1472 eique
1470 1427 1596 1459 auctor

165 1490 229 1530 est,
267 1490 308 1522 ut
343 1498 419 1522 rem
455 1486 524 1523 sibi
561 1489 603 1522 ut
628 1498 750 1523 veram
776 1486 876 1534 quasi
904 1498 989 1532 prae
1017 1486 1129 1522 oculis
1156 1489 1269 1532 ponat
1295 1498 1431 1535 suaque
1459 1487 1595 1532 cogita-

164 1550 264 1585 tione
291 1549 470 1596 expleat“.
498 1549 630 1597 Itaque
658 1549 720 1594 „in
747 1549 936 1585 sententiis
962 1549 1137 1593 relativis,
1166 1549 1485 1593 condicionalibus,
1504 1552 1594 1584 tem-

166 1612 369 1657 poralibus,
408 1624 489 1647 cum
517 1612 768 1648 coniunctivus
794 1624 836 1647 eo
864 1611 1012 1647 consilio
1040 1611 1127 1656 poni
1155 1599 1284 1655 soleat,
1322 1614 1364 1646 ut
1398 1611 1437 1646 in
1464 1611 1598 1647 effectu

168 1675 245 1711 sive
271 1675 310 1709 in
337 1674 501 1710 realitate
528 1674 580 1709 rei
608 1674 862 1719 cogitationem
888 1673 1023 1709 versari
1052 1673 1261 1716 declaretur,
1289 1673 1378 1708 haec
1405 1673 1486 1720 ipsa
1513 1685 1598 1708 con-

168 1737 321 1774 iunctivi
347 1738 404 1774 vis
430 1737 552 1773 addito
588 1731 633 1771 ἄν
669 1736 871 1773 distinctius
897 1735 1150 1782 pronuntiatur
1184 1739 1221 1772 et
1247 1736 1510 1783 quodammodo
1537 1747 1601 1771 au-

171 1804 296 1845 getur-‘⁴
313 1799 361 1847 ²).
416 1800 617 1836 Discrimen
646 1803 776 1844 autem,
803 1803 922 1835 utrum
949 1798 1127 1844 particula
1143 1801 1300 1844 ponatur
1327 1810 1373 1833 an
1401 1799 1602 1842 omittatur,

170 1863 209 1898 in
238 1863 430 1899 sententiis
456 1862 619 1899 relativis
647 1866 684 1898 et
703 1861 1009 1898 condicionalibus
1022 1860 1057 1907 ³)
1083 1860 1198 1896 maius
1216 1871 1294 1897 esse
1322 1872 1429 1909 quam
1455 1860 1495 1895 in
1522 1872 1603 1896 sen-

173 1926 299 1961 tentiis
325 1925 597 1971 temporalibus,
625 1924 798 1961 Schmidt.
826 1935 861 1969 p.
882 1926 1033 1960 9.—19.
1061 1923 1236 1967 sagaciter
1255 1923 1436 1968 exposuit.
1482 1923 1527 1956 In
1546 1922 1604 1957 his

173 1987 270 2022 enim
297 1987 491 2035 „quoniam
519 1986 770 2023 coniunctivus
796 1987 865 2021 hoc
892 1989 1031 2021 tantum
1050 1984 1200 2020 consilio
1228 1984 1377 2030 ponitur
1403 1987 1445 2020 ut
1462 1987 1605 2030 tempus

175 2142 205 2169 p.
221 2134 250 2161 8.
266 2141 306 2162 ss.
349 2134 497 2169 Krueger.
520 2133 558 2161 ad
580 2132 673 2161 Thuc.
688 2133 721 2160 11
736 2132 786 2167 93,
802 2132 821 2160 8
863 2130 1062 2166 Frohberger.
1083 2130 1122 2157 nd
1144 2129 1215 2166 Lys.
1238 2129 1323 2157 XIX.
1347 2131 1396 2158 26.
1420 2129 1543 2165 eiusque
1562 2130 1608 2157 in-

177 2185 234 2213 dic.
256 2186 295 2214 sd
317 2185 348 2214 h.
370 2186 390 2213 1.
420 2185 587 2214 Rehdantz.
616 2184 678 2215 ind.
701 2183 857 2212 Demosth.
873 2183 909 2210 H.
926 2191 955 2218 p.
971 2182 1042 2211 239.
1075 2181 1185 2217 Saupp.
1207 2181 1327 2217 lexilog.
1349 2180 1488 2217 Xenoph.
1512 2190 1542 2218 p.
1558 2182 1608 2210 69.

178 2237 203 2264 Ε
236 2237 433 2274 scriptoribus
462 2236 679 2267 recentioribus
706 2236 737 2264 id
767 2244 862 2273 genus
892 2234 1027 2271 exempla
1048 2233 1247 2270 Frohberger.
1270 2234 1291 2262 l.
1314 2234 1335 2262 1.
1358 2237 1389 2262 et
1409 2229 1545 2263 Lobeck‘.
1570 2234 1609 2262 ad

178 2289 291 2326 Phi-yn.
313 2298 345 2326 p.
361 2291 431 2319 7⁷2.
454 2289 656 2325 suppeditant.

201 2377 204 2379 ,
264 2342 295 2378 1)
317 2342 394 2370 Nam
416 2341 509 2371 Arist.
529 2342 587 2369 Av.
613 2341 710 2370 1681:
743 2337 782 2376 ,εἰ
811 2336 856 2379 μὴ
887 2336 1021 2379 βαδίζειν
1043 2332 1148 2376 ὥσπερ
1178 2335 1213 2367 αἱ
1232 2334 1399 2376 χελιδόνες·
1431 2334 1562 2378 βαβάζει
1582 2333 1611 2376 γ’

180 2393 229 2421 vel
248 2394 310 2421 tale
331 2393 445 2429 aliquid
466 2393 656 2422 scribendum
678 2395 731 2422 est.
757 2408 795 2413 —
816 2391 956 2420 Ceterum
977 2390 1163 2426 v.Krueger.
1186 2389 1226 2417 ad
1240 2390 1354 2420 Herod.
1370 2390 1385 2417 1
1403 2391 1461 2418 129
1487 2389 1609 2418 Abieht.

181 2445 218 2473 ad
239 2445 352 2474 Herod.
375 2446 391 2473 I
413 2446 461 2474 24.

265 2497 299 2535 2)
320 2497 423 2526 Verba
444 2500 515 2526 sunt
535 2497 692 2526 Schmidtii
713 2506 741 2533 p.
758 2498 786 2525 8.
798 2504 828 2524 -s.

267 2550 301 2587 3)
321 2551 369 2579 De
390 2550 437 2579 his
459 2550 535 2593 nihil
558 2549 666 2586 dicam,
696 2549 776 2586 quod
804 2547 938 2577 codicum
965 2528 1110 2576 memoria
1141 2546 1293 2584 plerisque
1321 2546 1395 2575 locis
1418 2550 1479 2575 tam
1503 2546 1618 2575 lubrica

185 2604 239 2635 est,
261 2605 295 2629 ut
315 2603 368 2630 vix
391 2603 464 2631 certi
486 2602 649 2638 quidquam
670 2604 826 2630 statuatur.

1373 2647 1421 2687 5*
