1910 2806
766 70 843 102 .-⁴
889 54 943 98 45
994 77 1046 88 .-

202 160 382 213 suspicer,
429 163 474 201 de
510 162 652 209 integro
688 163 895 212 inquirere,
943 166 1166 213 quantopere
1205 163 1465 209 incr-obruerit,
1509 173 1633 211 super-

201 228 320 265 sedeo.

199 279 362 326 Eandem
406 290 451 326 ob
487 300 629 325 causam
666 289 912 338 quaestionem
948 289 1150 326 instaurare
1190 290 1292 334 nolo,
1331 292 1453 327 utrum
1490 288 1636 326 Goeller

200 353 284 398 (act.
311 352 439 399 philol.
467 352 605 388 Monac.
633 353 684 388 Π.
707 356 739 387 3.
759 365 794 398 p.
815 353 916 399 341.)
944 353 1080 399 aliique
1107 352 1179 387 viri
1206 354 1302 388 docti
1327 354 1440 388 Thuc.
1469 353 1501 387 V
1520 355 1584 395 49,
1613 355 1629 386 1

200 414 255 450 VI
282 417 351 459 61,
372 417 393 450 5
422 414 520 460 σφᾶς
545 425 745 460 pronomen
760 414 795 463 1)
828 414 868 450 in
895 413 1136 461 suspicionem
1162 414 1241 450 iure
1267 415 1479 452 vocaverint
1506 426 1634 451 necne.

305 477 423 522 Pergo
450 478 495 513 ad
521 477 735 523 pronomina
762 473 837 521 ὅδε,
864 472 1026 520 τοσόσδε,
1054 472 1206 513 τοιόσδε.

303 539 360 574 Ex
386 538 519 575 Atticis
556 537 793 586 scriptoribus
828 550 957 585 prosae
990 538 1165 574 orationis
1192 538 1377 575 veteribus
1404 538 1633 586 Thucydides

199 613 313 650 aeque
339 605 449 650 atque
474 601 681 638 Herodotus
708 614 781 638 non
807 601 981 638 discernit
1008 593 1344 649 intes-pronomina
1371 596 1433 637 ὅδε
1455 605 1492 638 et
1511 593 1632 647 οὗτος,

198 660 338 700 τοιόσδε
365 667 403 701 et
428 664 611 709 τοιοῦτος,
644 660 792 700 τοσόσδε
825 667 863 699 et
888 663 1072 705 τοσοῦτος.
1119 664 1203 699 Non
1241 676 1321 699 raro
1358 664 1454 699 enim
1493 665 1537 699 ab
1564 664 1635 708 his,

198 727 380 764 rarissime
406 729 452 764 ab
478 726 553 763 illis
580 722 653 771 ὅδε,
681 722 835 772 τοιόσδε,
862 722 1011 763 τοσόσδε
1038 727 1084 762 ad
1100 726 1351 763 antecedentia
1368 726 1574 763 referuntur
1584 725 1631 773 ²).

198 789 305 827 Quod
331 788 540 837 priusquam
569 789 744 836 exemplis
771 790 976 835 probemus,
994 801 1122 825 moneo
1142 789 1389 835 Thucydidem
1407 789 1632 835 potissimum

197 852 237 888 in
272 852 495 888 orationibus
533 864 732 898 pronomen
770 848 833 888 ὅδε
869 853 914 888 ad
949 864 1158 899 praegressa
1193 851 1378 888 rettulisse
1394 851 1439 898 ³).
1494 850 1634 889 Quibus

197 915 286 951 locis
323 926 403 951 cum
440 914 614 950 sermonis
651 913 839 951 alacritate
874 917 912 950 et
944 914 1165 958 mobilitate,
1202 914 1362 960 corporis
1390 925 1635 961 manuumque

198 980 303 1023 gestu
329 981 366 1014 et
391 980 489 1013 motu
518 989 579 1021 ea,
617 989 709 1025 quae
745 978 852 1014 modo
879 977 976 1013 dicta
1003 980 1105 1022 sunt,
1141 979 1460 1023 repraesententur
1487 979 1524 1012 et
1550 979 1634 1012 ante

197 1040 318 1076 oculos
337 1040 559 1076 audientium
578 1043 827 1087 proponantur
839 1039 886 1087 ⁴),
914 1051 1114 1086 pronomen
1134 1035 1199 1075 ὅδε
1216 1039 1336 1076 minus
1354 1039 1509 1076 offendit
1527 1051 1634 1086 quam

196 1103 236 1138 in
263 1102 421 1150 simplici
447 1106 485 1139 et
510 1103 653 1149 placata
678 1115 801 1139 rerum
826 1105 1008 1149 gestarum
1036 1102 1254 1139 narratione.

283 1247 314 1288 1)
336 1249 374 1277 V.
395 1249 549 1278 Kuehner.
584 1248 636 1277 Gr.
671 1248 723 1277 Gr.
757 1249 788 1277 11
818 1250 837 1286 ξ
858 1250 928 1278 455.
951 1250 1021 1277 adn.
1046 1251 1074 1279 8.
1118 1249 1266 1285 Krueger.
1302 1248 1355 1277 Gr.
1379 1248 1430 1277 Gr.
1455 1250 1495 1277 11.
1529 1250 1578 1278 51.
1605 1251 1631 1277 1.

201 1301 250 1338 15,
275 1302 321 1330 19.
366 1300 496 1338 Sauppe.
519 1301 601 1330 lexil.
623 1301 762 1337 Xenoph.
784 1309 809 1329 s.
831 1310 884 1330 vv.
907 1309 1073 1337 pronomen
1095 1301 1282 1329 reflexivum.

282 1352 314 1392 2)
334 1353 517 1382 Pronomina
547 1356 646 1382 autem
676 1345 773 1388 οὗτος,
804 1351 960 1390 τοσοῦτος,
990 1352 1127 1388 τοιοῦτος
1157 1354 1237 1390 apud
1265 1354 1381 1382 Atticos
1410 1353 1560 1390 saepicule
1591 1353 1629 1381 ad

199 1405 355 1441 sequentia
376 1406 631 1442 spectant—De
653 1405 706 1433 illo
728 1414 785 1434 usu
798 1405 938 1441 Krueger
959 1404 1013 1433 Gr.
1036 1404 1090 1433 Gr.
1111 1406 1134 1433 1.
1158 1406 1177 1442 ξ
1201 1408 1250 1435 51.
1275 1408 1302 1434 7.
1326 1407 1355 1433 3.
1399 1406 1552 1434 Kuehner.
1576 1406 1630 1433 Gr.

196 1456 248 1487 Gr.
271 1457 311 1486 11.
334 1458 352 1494 ξ,
372 1458 445 1488 467.
469 1458 496 1486 7.
518 1467 547 1494 p.
570 1458 642 1487 55⁷.
693 1457 799 1486 Matth.
834 1456 887 1485 Gr.
911 1456 963 1487 Gr.
988 1458 1027 1486 11.
1059 1457 1078 1494 ξ
1099 1458 1173 1489 4¹10.
1198 1460 1224 1486 1.
1255 1458 1359 1494 Poppo
1388 1458 1419 1486 in
1449 1458 1633 1494 discrepant·

194 1510 295 1547 script.
318 1511 333 1538 1
356 1511 413 1540 14³
447 1510 489 1539 V1
511 1511 529 1539 2
553 1510 623 1539 edit.
644 1510 714 1538 mai.
737 1510 830 1539 Thuc.
854 1513 1064 1547 exposuerunt.

267 1554 312 1599 ‘3)
334 1562 483 1599 Exempla.
513 1563 572 1591 huc
602 1562 781 1599 pertinentia
812 1565 881 1591 sunt
902 1562 993 1591 haec:
1027 1563 1043 1591 1
1064 1564 1115 1598 41,
1139 1565 1166 1591 1.
1206 1564 1256 1598 42,
1282 1565 1307 1591 1.
1347 1564 1397 1597 43,
1420 1564 1449 1591 4.
1473 1563 1522 1601 (ef.
1546 1564 1566 1600 ς’
1588 1564 1631 1600 3.)

197 1616 246 1651 ee,
265 1617 290 1644 1.
314 1615 366 1654 (cf.
382 1623 448 1651 cap.
467 1612 530 1654 ee.)
554 1616 603 1651 69,
627 1616 656 1644 6.
690 1615 739 1650 ⁷1,
764 1616 791 1643 τ.
828 1616 897 1652 122,
919 1616 950 1645 4.
982 1615 1050 1645 124,
1074 1616 1102 1644 2.
1138 1616 1252 1652 143,1.
1292 1616 1360 1650 144,
1378 1617 1406 1651 1,
1423 1617 1451 1643 2.
1494 1615 1590 1650 1140,
1603 1616 1632 1643 2.

195 1669 246 1703 41,
272 1669 298 1696 2.
329 1668 381 1704 42,
406 1669 433 1696 1.
471 1668 520 1702 60,
544 1669 571 1696 e.
614 1668 663 1702 ⁶3,
685 1669 712 1696 2.
754 1669 803 1702 ⁷1,
826 1669 853 1696 3.
894 1668 943 1704 72,
968 1670 995 1695 1.
1034 1668 1082 1702 ⁷2,
1107 1668 1134 1695 3.
1173 1668 1220 1695 111
1241 1668 1292 1703 40,
1316 1669 1343 1696 e.
1378 1668 1442 1703 (45,
1465 1666 1497 1704 4)
1530 1668 1581 1703 46,
1604 1668 1632 1698 3.

195 1719 247 1756 48,
270 1721 298 1749 2.
344 1719 387 1747 1v
404 1720 453 1755 64,
476 1720 504 1748 5.
538 1721 591 1755 8⁷,
612 1721 641 1748 4.
680 1719 707 1747 v
733 1720 801 1754 110,
825 1721 854 1748 2.
900 1719 944 1747 vl
968 1720 1018 1755 τε,
1040 1720 1068 1747 2.
1102 1720 1154 1756 83,
1179 1721 1206 1748 2.
1229 1718 1279 1759 (cf.
1301 1721 1357 1756 82,
1378 1718 1410 1757 3)
1447 1720 1504 1747 vn
1527 1720 1578 1756 63,
1603 1721 1630 1748 3.

195 1772 340 1801 Eiusdem
371 1775 459 1801 notae
488 1775 559 1801 sunt
580 1771 704 1808 Antiph.
725 1773 740 1800 Ι
762 1781 781 1801 α
805 1773 840 1800 ⁷:
871 1765 983 1810 ἤλπιζέ
1010 1780 1045 1802 τε
1065 1769 1143 1803 τάδε
1164 1771 1213 1810 (cf.
1237 1772 1254 1809 ξ
1277 1771 1320 1810 6.)
1350 1770 1404 1810 μὲν
1437 1769 1557 1810 δράσας
1578 1770 1632 1802 καὶ

197 1820 303 1862 λη’σειν
325 1820 517 1860 ἀποκτείνας,
541 1819 635 1854 αὐτὸν
657 1821 712 1854 καὶ
728 1843 858 1861 ......
886 1823 939 1852 ubi
960 1824 1101 1852 Beiskius
1131 1832 1296 1860 pronomen
1318 1832 1518 1860 praepropere
1539 1833 1630 1852 vexa·

196 1876 241 1904 vit
262 1879 291 1904 et
311 1873 394 1916 τάχα
422 1876 539 1905 restitui
561 1876 667 1913 iussit;
702 1876 842 1912 Xenoph.
865 1875 936 1913 Cyr.
959 1876 986 1903 V
1009 1878 1037 1911 2,
1061 1876 1119 1903 23:
1153 1871 1217 1913 6ρώ
1246 1873 1305 1913 γὰρ
1337 1871 1386 1906 ὅτι
1417 1874 1528 1914 μᾶλλον
1559 1872 1630 1913 ὑμῖν

196 1921 218 1965 ἦ
242 1925 312 1966 ἐμοὶ
334 1927 489 1965 σκεπτέον,
512 1922 599 1962 ὅπως
621 1924 638 1958 o‘
659 1924 825 1965 Ἀσσύριος
858 1923 950 1966 ἡμῶν
972 1924 1016 1966 μή
1040 1924 1244 1967 ἐπικρατήσῃ.
1288 1924 1357 1965 ἐμοὶ
1379 1926 1434 1965 μέν
1456 1924 1525 1965 γὰρ,
1555 1924 1630 1965 ἔφη,

194 1977 293 2010 τῶνδε
313 1976 521 2019 ἀποσφαλέντι
543 1977 624 2009 ἔστιν
645 1978 723 2013 ἴσως
745 1977 798 2009 καὶ
820 1974 898 2017 ἄλλη
921 1974 1115 2017 ἀποστροφή.
1146 1979 1284 2014 Ps.-Lys.
1307 1979 1361 2006 IX.
1387 1981 1413 2005 1.
1438 1980 1465 2007 7.

280 2030 425 2060 Similiter
457 2028 580 2062 τοιόσδε
613 2034 788 2068 usurpatum
819 2034 865 2059 est
897 2031 991 2060 Thuc.
1014 2031 1029 2058 1
1051 2031 1100 2065 38,
1124 2032 1140 2059 1
1173 2029 1223 2069 (cf.
1248 2031 1298 2066 3⁷,
1321 2029 1352 2068 5)
1394 2030 1533 2067 Xenoph.
1558 2030 1629 2067 Cyr.

197 2084 245 2113 111
269 2084 297 2120 3,
321 2085 370 2113 35.

279 2133 313 2175 4)
334 2136 414 2165 Usus
436 2136 524 2165 enim.
548 2144 607 2172 quo
628 2136 804 2172 pronomine
826 2130 880 2166 ’ὅδε
901 2143 946 2170 ea,
969 2143 1044 2170 qnae
1065 2137 1135 2162 ante
1150 2135 1252 2162 oculos
1267 2135 1422 2171 proposita
1437 2138 1517 2171 sunt,
1539 2135 1631 2172 signi-

198 2188 334 2224 ficantur,
365 2197 433 2216 cnm
460 2187 492 2215 in
514 2187 710 2223 scriptoribus
738 2190 801 2215 tum
823 2187 854 2214 in
875 2187 971 2215 titulis
993 2186 1198 2222 psephismata
1218 2186 1432 2216 exhibentibus
1452 2187 1558 2216 crebro
1580 2188 1631 2216 ob-

197 2239 277 2267 viam
300 2241 356 2267 est.

279 2290 325 2318 Ex
354 2290 416 2319 iuis
447 2298 483 2319 ea
514 2290 651 2326 exempla
680 2289 781 2318 afferri
812 2289 901 2318 liceat
931 2289 1040 2325 quibus
1061 2290 1202 2319 nonnulli
1222 2290 1281 2319 viri
1304 2291 1385 2319 docti
1406 2300 1564 2328 perperam
1587 2292 1633 2320 uei

196 2333 374 2380 praegressa
394 2342 492 2370 notari
513 2344 745 2377 praeceperunt:
769 2342 924 2370 Demosth.
942 2342 1025 2371 XIX.
1045 2344 1103 2371 30:
1128 2338 1196 2372 εἶτα
1218 2340 1272 2373 καὶ
1294 2340 1430 2377 Φωκέας
1452 2338 1633 2374 ἀπολώλεκε

198 2393 263 2433 μὲν,
285 2390 381 2433 οἶμαι,
404 2391 564 2429 Φίλιππος,
589 2391 836 2432 συνηγωνίσαντο
859 2390 894 2423 δὲ
916 2386 1008 2423 οὗτοι.
1051 2392 1141 2424 τοῦτο
1172 2390 1215 2431 δὴ
1245 2395 1295 2425 δεῖ
1323 2396 1447 2425 σκοπεῖν
1469 2393 1525 2425 καὶ
1546 2392 1633 2434 ὁρᾶν,

198 2445 226 2477 εἰ
246 2441 309 2478 ’ὅσα
328 2444 387 2484 τῆς
408 2442 549 2476 Φωκέων
581 2443 738 2483 σωτηρίας
766 2442 818 2475 ἐπὶ
846 2441 904 2483 τήν
925 2443 1092 2485 πρεσβείαν
1113 2437 1203 2484 ἧκεν,
1224 2442 1314 2477 ταῦθ’
1337 2441 1446 2477 ἅπαντ’
1469 2443 1634 2478 ἀπώλεσαν

198 2491 281 2530 οὗτοι
310 2496 364 2529 καὶ
394 2495 572 2537 διέφθειραν
602 2493 735 2534 ἑκόντες,
769 2492 828 2538 οὐχ
849 2494 893 2532 ὥς
917 2493 973 2529 ὅδε
995 2495 1132 2533 Φωκέας
1153 2494 1300 2529 ἀπώλεσε
1321 2494 1393 2529 καθ’
1417 2496 1540 2530 ἑαυτόν·
1574 2508 1633 2536 quo

197 2552 263 2581 loco
286 2551 434 2581 vocabulo
462 2545 519 2582 ’ὅδε
547 2559 608 2579 non
630 2550 817 2589 Philippum,
839 2550 893 2579 sed
916 2549 1108 2588 Aeschinem,
1139 2551 1190 2588 qui
1213 2552 1326 2588 aderat,
1356 2552 1508 2589 designari
1529 2555 1634 2582 contra
