1910 2806
257 189 288 227 E
325 188 479 228 Periclis
516 188 701 236 oratione,
740 202 833 239 quae
872 203 978 238 capp.
1007 194 1237 231 14o.—144.
1270 189 1334 229 lib.
1361 188 1393 229 Ι.
1419 187 1596 237 traditur,
1629 189 1701 230 hoo

259 254 466 299 exemplum
493 253 753 289 transscribere
779 253 914 289 iuvet..
933 254 954 289 Ι
984 256 1070 299 148,
1100 257 1142 289 5:
1168 249 1234 300 τὴν
1261 250 1464 303 ὀλόφυρσιν
1490 250 1541 301 μή
1567 251 1701 290 otmar

257 314 320 353 καὶ
360 317 427 365 γῆς
462 317 630 352 ποιεῖσθε
665 310 752 352 ἀλλὰ
790 329 863 352 των
898 312 1088 363 σωματων.
1140 313 1187 353 οὗ
1225 313 1296 367 γὰρ
1331 313 1416 353 ταδε
1450 329 1538 360 τους
1563 311 1701 366 ἄνδρας

259 375 350 414 ἄλλα
379 377 417 413 οἷ
440 373 573 425 ανδρες
599 379 714 414 ταῦτα
741 391 906 414 κτωνται.

256 442 334 477 Iam
370 453 457 477 vero
493 441 534 476 in
569 441 727 477 medium
762 442 941 487 prodeant
979 441 1162 479 Herodoti
1200 442 1368 490 exempla
1405 446 1443 479 et
1479 441 1702 490 Thucydidis

257 516 309 547 ea,
342 516 436 550 quae
461 504 502 538 in
529 504 687 549 simplici
714 515 836 539 rerum
864 508 1046 548 gestarum
1073 505 1281 541 narratione
1307 505 1558 542 inveniuntur.

258 566 395 602 Herod.
422 567 443 601 I
472 569 533 610 63,
571 568 613 601 1:
658 560 681 600 ὁ
720 562 786 610 μὲν
824 561 870 611 δὴ
915 564 953 601 οἱ
995 561 1180 610 ἐνθεάζων
1217 568 1288 618 χρᾷ
1322 563 1377 603 τά
1387 565 1409 603 δ
1419 578 1450 611 ε,
1490 566 1703 616 Πεισίστρα-

258 640 321 669 τος
348 624 387 662 δὲ
406 652 416 662 .
437 654 446 663 .
463 654 473 670 ,
506 628 589 671 137,
619 630 664 663 2:
703 624 812 662 αἰνέω
849 625 914 673 μέν
951 640 1019 663 νυν
1054 623 1159 664 τόνδε
1185 625 1250 665 τὸν
1275 625 1401 675 νόμον,
1439 627 1548 664 αἰνέω
1574 625 1615 664 δὲ
1640 626 1703 664 καὶ

257 687 373 726 τόνδε.
433 693 517 733 141,
549 690 620 725 17:
658 683 679 725 ὅ
715 686 780 735 μὲν
814 685 862 736 δὴ
898 686 991 740 ὀργῇ
1026 686 1197 737 ἐχόμενος
1223 689 1319 739 ἔλεγέ
1345 701 1412 737 σφι
1437 687 1534 727 τάδε.
1577 686 1703 732 Ἴωνες

259 750 356 788 δὲ..
378 780 386 788 .
444 755 532 796 210,
561 756 605 787 2:
632 752 770 799 Κῦρος
806 749 871 797 μὲν
914 750 1053 788 δοκέων
1087 751 1125 788 οἷ
1150 755 1306 800 Δαρεῖον
1334 749 1581 801 ἐπιβουλεύειν
1608 751 1703 800 ἔλεγε

258 812 364 850 τάδε·
393 815 443 864 τῷ
471 811 511 849 δὲ
538 808 560 849 ὁ
588 813 730 860 δαίμων
749 842 758 851 .
780 840 789 849 .
806 841 814 850 .
870 815 912 851 11
939 818 1002 860 42,
1033 817 1093 851 19.
1138 816 1197 860 76,
1227 818 1269 853 5:
1306 816 1380 852 τῶν
1418 814 1483 863 μὲν
1510 811 1557 863 δή
1585 817 1703 862 μελαι-

258 876 349 912 νέων
377 878 449 912 τοῖν
477 874 691 922 μαχομένων
718 872 811 921 πρὸς
838 873 925 919 τούς
951 872 1039 922 ὄφις
1056 873 1121 923 ἥδε
1141 876 1231 924 ἰδέη,
1247 879 1321 913 τῶν
1340 875 1379 913 δὲ
1399 905 1406 914 .
1429 904 1437 913 .
1459 904 1467 913 .
1494 879 1549 915 IV
1570 879 1630 922 47,
1652 880 1699 913 10

248 940 295 977 ‚V
324 942 385 985 83,
414 942 449 975 4.
491 939 550 983 87,
580 942 616 974 2.
657 942 718 983 93,
750 942 781 974 1.
828 939 888 974 IX
917 940 977 983 79,
1005 942 1040 975 2.
1081 960 1124 965 -
1164 940 1300 977 Herod.
1327 941 1348 975 1
1380 943 1463 985 164,
1492 944 1535 977 2:
1571 936 1612 975 τὸ
1640 937 1705 985 μὲν

264 998 311 1047 δή
340 1003 455 1047 τεῖχος
480 1003 575 1036 τοῖσι
604 1001 813 1037 Φωκαιεῦσι
839 996 963 1050 τρόπῳ
991 1000 1167 1050 τοιῷδε
1194 997 1405 1049 ἐξεποιήθη.
1452 997 1475 1038 o‘
1502 999 1542 1038 δὲ
1558 998 1699 1050 “Apua-

266 1077 329 1111 γος
349 1091 357 1099 .
378 1090 385 1098 .
409 1090 417 1098 .
476 1064 560 1106 170,
593 1065 659 1098 18:
694 1054 797 1098 οὗτοι
834 1060 899 1115 μὲν
934 1059 982 1108 δή
1018 1073 1086 1107 σφι
1121 1059 1267 1111 γνώμας
1292 1059 1439 1099 τοιάσδε
1470 1060 1702 1107 ἀπεδέξαντο.

253 1123 452 1173 ”Αρπαγος
480 1122 518 1160 δὲ
538 1151 546 1159 .
569 1151 576 1159 .
597 1152 605 1160 .
667 1128 753 1170 180,
778 1129 821 1161 2:
852 1123 1057 1172 ἐτετείχιστο
1085 1123 1151 1172 μέν
1177 1138 1245 1161 νυν
1273 1121 1453 1173 Βαβυλών
1480 1121 1605 1177 τρόπῳ
1632 1139 1702 1162 τοι·

264 1188 334 1238 ῷδε
370 1189 432 1235 (cf.
461 1199 537 1235 cap.
562 1188 645 1231 179,
666 1190 710 1222 3:
747 1186 805 1222 δεῖ
838 1183 884 1233 δή
921 1199 964 1233 με
1000 1183 1141 1235 φράσαι
1176 1184 1218 1223 τό
1256 1190 1371 1235 τεῖχος
1407 1185 1531 1224 ὅντινα
1568 1184 1706 1237 τρόπον

261 1250 437 1298 ἔργαστο).
494 1251 535 1285 11
557 1253 590 1294 5,
611 1253 658 1285 6:
695 1250 760 1295 τῆς
794 1247 877 1297 πέρι
915 1248 1046 1285 ἐκεῖνοι
1080 1246 1189 1300 οὐδὲν
1221 1248 1273 1286 ἔτι
1299 1246 1441 1286 τοιόνδε
1468 1249 1601 1298 ἔλεγον,
1629 1248 1703 1286 ἔστι

262 1309 302 1347 δὲ
330 1310 451 1359 ἕτερον
478 1312 657 1346 τοιοῦτον.
713 1314 777 1355 39,
806 1315 849 1346 2:
887 1307 1116 1356 δοκιμάζεται
1150 1310 1217 1357 μέν
1252 1325 1320 1347 νυν
1352 1308 1393 1347 τό
1420 1313 1553 1358 κτῆνος
1578 1308 1703 1362 τρόπω

262 1373 405 1423 τοιῷδε,
432 1372 548 1418 θυσίη
576 1370 616 1408 δέ
643 1382 708 1417 σφι
729 1399 737 1408 .
758 1400 766 1407 .
788 1399 797 1408 .
838 1374 897 1409 111
919 1376 978 1417 19,
1000 1376 1044 1409 2:
1081 1368 1107 1419 ἦ
1140 1370 1205 1419 μὲν
1242 1369 1288 1420 δή
1324 1370 1480 1421 τράπεζα
1507 1375 1573 1409 τοῦ
1599 1368 1704 1420 ἡλίου

263 1433 460 1480 καλεομένη
487 1432 624 1482 λέγεται
650 1429 741 1469 εἶναι
769 1431 906 1480 τοιήδε,
940 1431 1124 1485 Καμβύσῃ
1153 1432 1219 1471 δὲ.
1242 1462 1250 1471 .
1274 1464 1282 1472 .
1315 1438 1398 1480 138,
1425 1439 1486 1471 18;
1515 1429 1618 1471 οὗτοι
1645 1431 1705 1470 διαὶ

262 1494 403 1534 τοιόνδε
430 1498 579 1545 πρῆγμα
605 1492 830 1533 κατάσκοποι
858 1494 1035 1545 ἐγένοντο.
1075 1492 1183 1533 Mero?
1211 1494 1250 1533 δὲ
1276 1497 1390 1533 ταῦτα
1409 1524 1417 1533 .
1438 1525 1446 1532 .
1467 1526 1477 1535 .
1507 1498 1560 1534 VI
1581 1501 1641 1543 39,
1664 1501 1706 1534 2:

262 1557 539 1606 τελευτήσαντος
578 1557 618 1594 δὲ
651 1558 713 1595 καὶ
742 1556 997 1607 Στησαγόρεω·
1023 1557 1148 1608 τρόπῳ
1175 1559 1317 1610 τοιῷδε,
1346 1559 1509 1596 ἐνθαῦτα
1528 1587 1536 1595 .
1557 1588 1566 1596 .
1589 1588 1598 1596 .
1636 1560 1709 1596 VII

264 1626 351 1668 230,
371 1626 415 1658 2:
443 1620 482 1657 οἷ
506 1619 572 1666 μέν
599 1634 666 1672 νυν
692 1617 790 1657 οὕτω
818 1622 986 1668 σωθῆναι
1012 1619 1155 1669 λέγουσι
1181 1617 1444 1670 Ἀριστόδημον
1471 1621 1510 1665 ἐς
1528 1618 1707 1670 Σπάρτην

263 1684 323 1720 καὶ
355 1681 417 1720 διοὶ
446 1680 634 1731 πρόφασιν
660 1680 819 1729 τοιήνδε,
848 1683 887 1720 οἷ
911 1681 950 1720 δὲ
969 1712 977 1720 .
1002 1711 1011 1720 .
1033 1711 1041 1719 .
1060 1705 1112 1711 -
1140 1685 1275 1721 Herod.
1296 1685 1315 1719 Ι
1340 1688 1423 1730 101,
1443 1689 1465 1721 4
1495 1689 1578 1732 post
1604 1697 1708 1721 enar-

267 1841 464 1871 Schaererum
486 1840 578 1868 evicit
597 1840 780 1869 Voemelius.
802 1855 842 1860 —
864 1840 1004 1876 Xenoph.
1028 1840 1100 1876 Cyr.
1123 1840 1193 1868 inst.
1216 1840 1247 1868 11
1270 1841 1300 1877 2,
1323 1842 1357 1869 3:
1381 1836 1567 1880 ἀνακραγών
1589 1832 1641 1872 οὖν
1662 1849 1709 1875 τις

227 1913 230 1915 >
264 1894 326 1925 τῶν
349 1889 431 1923 κατὰ
454 1890 548 1930 μέσον
569 1888 622 1922 τὸν
644 1888 756 1921 κύκλον
779 1890 1012 1930 κατακειμένων
1037 1890 1235 1930 στρατιωτῶν
1256 1888 1312 1923 Μὰ
1334 1888 1398 1929 Δί’,
1429 1889 1503 1931 ἔφη,
1532 1891 1632 1924 τῶνδε
1654 1890 1709 1931 μὲν

265 1943 355 1976 οὐδὲν
386 1943 452 1975 ἴσον
484 1941 578 1980 ἐστὶν,
611 1942 676 1982 εἴγε
705 1938 764 1982 ἐφ’
791 1939 885 1981 ἡμῶν
914 1952 951 1981 γε
982 1943 1045 1973 τῶν
1076 1940 1107 1972 έν
1137 1941 1225 1982 μέσῳ
1257 1939 1362 1978 οὐδεὶς
1392 1940 1542 1975 ου’δέτωτε
1571 1939 1709 1983 ἄρξεται.

264 1998 405 2035 Xenoph.
430 1996 551 2026 eonviv.
574 1997 613 2038 11.
638 1997 698 2024 12:
722 1993 776 2026 καὶ
799 1991 816 2025 ὅ
840 1992 1020 2033 Σωκράτης
1041 1993 1176 2029 καλέσας
1196 1992 1249 2026 τὸν
1271 1991 1471 2035 ’Δντισῧένην
1494 1992 1595 2027 εἶπεν·
1627 1992 1710 2027 οὗτοι

263 2048 336 2084 τούς
357 2058 394 2087 γε
416 2046 594 2086 Βεωμένους
615 2044 689 2078 τάδε
710 2043 875 2082 ἀντιλέξειν
897 2044 943 2076 ἔτι
964 2045 1067 2084 οἴομαι
1088 2043 1132 2080 οἷς
1155 2069 1162 2075 .
1182 2066 1189 2073 .
1206 2069 1212 2075 .
1236 2047 1352 2083 Quibus
1373 2048 1449 2076 locis
1471 2057 1539 2077 cum
1560 2048 1709 2084 Xenopho

264 2102 402 2130 homines
422 2101 581 2137 loquentes
603 2099 741 2135 inducet,
759 2098 939 2135 quibuscum
960 2098 1025 2135 ipse
1047 2107 1107 2126 non
1129 2099 1332 2140 colloquitur,
1363 2099 1428 2129 fieri
1450 2108 1511 2128 non
1534 2102 1644 2137 potent,
1676 2102 1710 2128 ut

265 2164 368 2183 eorum
389 2154 485 2182 verba
507 2154 546 2181 ad
567 2152 782 2189 Xenophontis
804 2152 984 2180 referantur.

350 2206 457 2235 Statim
486 2214 538 2234 eos
568 2206 652 2233 locos
683 2204 837 2241 proferam
866 2202 975 2240 quibus
1007 2204 1184 2240 pronomine
1203 2201 1333 2236 τοιόσδε
1364 2213 1425 2233 non
1447 2207 1511 2233 tam
1533 2208 1710 2241 antecessu

265 2267 356 2295 quam
378 2267 423 2293 ea,
456 2266 532 2293 quae
556 2256 652 2286 oculis
673 2259 895 2293 proponuntur,
917 2255 1131 2292 significantur.
1176 2257 1238 2293 (De
1267 2265 1326 2293 quo
1349 2265 1405 2285 usu
1426 2266 1455 2286 v.
1479 2258 1546 2286 Ast.
1570 2257 1609 2285 ad
1630 2257 1708 2287 Pht.

265 2311 395 2338 Phaedr.
418 2319 448 2346 p.
471 2310 542 2338 260.
565 2308 616 2347 A).
649 2309 791 2345 Xenoph.
815 2309 905 2336 Mem.
929 2309 944 2336 1
966 2309 995 2343 2,
1018 2310 1053 2337 3:
1075 2304 1152 2338 ἀλλὰ
1175 2307 1220 2347 τῷ
1244 2306 1378 2347 φανερός
1400 2305 1478 2339 εἶναι
1498 2308 1635 2351 τοιοῦτος
1656 2309 1708 2347 (sc.

265 2358 363 2396 καλός
391 2357 548 2400 κάγαθὸς)
578 2354 621 2391 ὧν
650 2358 747 2391 ἐποίει
776 2357 1043 2399 συνδιατρίβοντας
1072 2357 1175 2400 ἑαυτῷ
1208 2358 1414 2399 μιμουμένους
1435 2357 1549 2391 ἐκεῖνον
1570 2355 1711 2391 τοιούσδε

265 2413 468 2453 γενήσεσθαι.
512 2413 570 2441 Hie
600 2422 668 2441 eum
700 2409 844 2443 τοιούσδε
876 2421 892 2440 e
923 2415 1022 2440 mente
1054 2412 1271 2448 discipulorum
1293 2411 1426 2442 Socratis
1448 2413 1559 2442 dictum
1581 2412 1629 2447 sit,
1660 2420 1710 2440 ex·

265 2466 364 2503 plico:
385 2466 463 2494 tales
485 2465 606 2501 qualem
629 2464 783 2493 Socratem
805 2473 872 2493 ease
894 2464 953 2500 ipsi
974 2464 1124 2493 viderunt.

350 2518 398 2546 De
418 2518 476 2546 hoe
498 2520 529 2546 et
549 2517 618 2546 aliis
640 2517 717 2546 locis
739 2516 968 2554 Xenophonteis
989 2516 1108 2553 Sauppe
1129 2516 1161 2545 in
1183 2516 1309 2554 lexilog.
1329 2516 1550 2554 Xenophonteo
1572 2525 1596 2545 s.
1610 2525 1640 2544 v.
1658 2511 1711 2547 ὅδε

266 2571 389 2602 brevius
411 2570 533 2607 quidem
556 2579 646 2607 quum
668 2573 701 2598 ut
722 2570 863 2599 omnibus
884 2569 1089 2607 persuaderet,
1111 2570 1165 2599 sed
1187 2569 1352 2599 rectissime
1374 2569 1461 2599 dixit.
