1910 2806
1599 0 1601 2 '
1618 0 1844 22 ,ivv²³}--÷12*5=·‘-3*05.³5
1902 4 1905 19 κ

1690 21 1709 25 .,
1784 20 1823 33 ³.»

834 90 1094 138 —·58-

244 197 393 251 δῶπιν),
431 198 523 251 ἀτάρ
562 197 632 239 οὐκ
667 197 719 245 ὅς
753 215 793 252 ys
823 200 861 246 ἐς
886 202 1077 251 πυραμίδα
1102 201 1277 253 τοιαύτην
1304 201 1489 250 ἔξικῦσθυιι
1514 205 1586 242 huo
1611 215 1687 242 non

244 269 420 315 quadram
447 267 562 303 Stein.
596 267 774 312 sagaciter
810 266 933 303 evicit.
987 267 1031 302 In
1059 268 1265 304 Atticorum
1302 268 1447 315 scriptis
1483 280 1595 304 unum
1622 269 1683 304 deo

243 330 419 377 prehendi
447 330 579 374 locum,
606 329 671 378 qui
698 329 898 376 comparari
926 332 1057 375 potest,
1085 330 1179 368 Plat.
1207 331 1314 377 Gorg.
1344 343 1380 378 p.
1410 331 1496 367 517.
1523 331 1573 368 B:
1600 326 1681 366 οὐδ’

246 387 316 438 ἐγώ
346 389 449 439 ψέγω
477 387 642 435 τούτους,
672 388 723 433 οἷς
749 403 788 438 γε
815 387 1013 433 διακόνους
1040 386 1133 427 εἶναι
1159 389 1314 435 πόλεως.Γ
1345 424 1347 426 .

347 464 497 510 Ellipsis
524 468 645 500 autem
672 464 787 508 verbi,
815 474 908 512 quae
935 469 992 501 est
1017 464 1056 499 in
1083 465 1234 501 vocibus
1263 460 1314 508 ὥς
1332 462 1507 513 ἑκάτεροι,
1537 460 1587 508 οἷς
1604 463 1686 501 ἔκα-

242 536 317 561 στοι
345 543 398 557 =
425 539 502 573 ,pro
531 539 569 562 se
598 527 773 575 quisque,
812 526 945 571 singuli
973 527 1047 561 suis
1074 527 1201 572 modis,
1229 528 1361 573 singuli
1390 528 1599 574 singulatim
1625 528 1686 564 vel

242 589 416 634 seorsim‘,
428 600 646 638 quamquam
659 601 777 637 neque
786 601 912 625 eorum
922 589 1000 626 VV.
1011 589 1101 633 DD„
1109 602 1203 638 quos
1214 591 1258 627 de
1268 591 1321 627 eis
1331 591 1532 638 disputasse
1545 591 1630 628 novi
1638 592 1685 637 ¹),

242 663 362 699 neque
398 653 476 697 ipse
513 653 608 697 apud
645 652 736 686 alios
770 664 830 687 eas
858 651 983 687 inveni
1011 652 1206 698 scriptores
1234 653 1305 688 nisi
1336 654 1431 699 apud
1459 654 1683 688 Herodotum

243 713 493 761 Thucydidem
524 713 756 750 Aristotelem
784 714 1024 757 recentiores,
1062 718 1183 749 tamen
1211 715 1334 751 nescio
1362 726 1409 751 an
1437 715 1555 751 minus
1582 718 1684 752 nota-

239 775 325 810 bilis
353 776 420 818 sit,
459 787 540 810 cum
568 776 782 821 praesertim
812 776 998 811 Demosth.
1019 777 1040 811 I
1060 779 1129 812 21:
1168 771 1218 817 ὥς
1253 772 1298 811 ἂν
1334 772 1487 813 κάλλιστ’
1514 774 1613 826 αὐτῷ
1640 773 1686 811 τοὶ

240 832 391 885 παρόντ’
419 835 488 884 ἔχει
521 838 663 886 aliaque
691 837 728 874 id
756 849 870 883 genus
898 838 1065 885 exempla
1078 838 1114 885 ²)
1150 838 1223 874 illis
1249 850 1398 885 prorsus
1422 841 1683 886 respondeant:

241 901 381 936 scilicet
408 912 451 935 ea
477 902 591 936 verba
617 901 865 936 subaudienda
885 901 1023 946 pariter
1040 899 1169 937 relicta
1187 904 1282 945 sunt,
1311 913 1405 949 quae
1430 902 1469 937 in
1497 902 1684 938 enuntiato

241 963 414 1010 primario
451 973 626 1009 expressa
660 962 893 1009 reperiuntur
911 963 957 1008 ³).
1012 961 1109 1001 Quin
1147 963 1256 999 etiam
1292 965 1405 1000 verba
1442 958 1492 1005 αἷς
1525 959 1683 1010 τάχιστα,

242 1021 294 1068 οἷς
321 1021 451 1073 ἄριστα
478 1026 550 1061 huc
577 1026 802 1071 spectant⁴).
856 1027 980 1072 Atque
1009 1026 1218 1061 Herodotus
1251 1026 1291 1061 in
1319 1038 1386 1062 usu
1413 1027 1606 1064 verborum
1635 1022 1686 1068 ὦς

240 1086 381 1123 ἕκαστοι
410 1098 539 1132 parcus
566 1090 633 1130 est,
661 1086 891 1133 Thucydides
919 1091 1039 1122 autem
1067 1091 1139 1122 tam
1168 1087 1412 1135 frequens⁸)‚
1440 1091 1481 1123 ut
1507 1099 1684 1123 nonnum-

241 1162 350 1198 quam
388 1149 489 1193 origo
528 1148 666 1195 ellipsis
693 1149 916 1185 obscuretur.
970 1149 1149 1195 Exempla
1176 1153 1280 1185 sunt:
1314 1149 1449 1185 Herod.
1469 1151 1488 1185 I
1511 1152 1595 1194 114,
1619 1153 1684 1186 10:

242 1206 292 1253 οἷς
330 1207 469 1260 ἑκάστῳ
505 1209 612 1258 ἔργον
647 1207 886 1257 προστάσσων
922 1211 962 1257 (i.
992 1222 1023 1247 e.
1052 1207 1289 1257 προστάσσων
1326 1209 1431 1259 ἔργον
1467 1206 1517 1253 οἷς
1544 1208 1682 1261 ἑκάστῳ

240 1271 457 1321 προςὲταξε).
517 1274 567 1309 VI
588 1273 649 1318 79,
670 1276 716 1308 6:
753 1269 844 1308 κατά
880 1269 1103 1319 πεντήκοντα
1138 1274 1210 1308 τῶν
1231 1269 1406 1321 Ἀργείων
1434 1268 1483 1316 αἷς
1510 1270 1684 1316 ἑκάστους

238 1332 504 1382 ἐκκαλούμενος
531 1330 554 1371 ὅ
584 1332 791 1382 Κλεομένης
829 1334 971 1373 ἔκτεινε.
1020 1338 1078 1380 31,
1102 1339 1144 1373 5:
1172 1332 1269 1378 ὅκως
1293 1332 1399 1382 λάβοι
1426 1332 1505 1373 τινά
1531 1337 1603 1372 τῶν
1622 1332 1683 1383 νή-

239 1410 326 1443 σων,
347 1394 397 1441 οἷς
416 1396 571 1444 ἑκάστην
591 1396 772 1444 αἱρέοντες
792 1397 830 1434 οἱ
847 1395 1029 1447 βάρβαροι
1049 1396 1267 1446 ἐσαγήνευον
1285 1395 1370 1441 τούς
1382 1394 1616 1445 ἀνθρώπους.
1630 1420 1681 1426 --

239 1462 353 1499 Thuc.
372 1462 394 1498 Ι
414 1464 447 1507 3,
469 1465 513 1500 4;
550 1459 588 1496 οἰ
624 1454 675 1504 οἷς
702 1459 846 1497 ἕκαστοι
861 1456 1034 1507 ’Έλληνες
1060 1457 1152 1497 κατά
1180 1457 1302 1504 πόλεις
1329 1472 1366 1497 τε
1392 1459 1455 1497 καὶ
1482 1457 1685 1508 ξύμπαντες

239 1521 391 1572 ὕστερον
418 1523 615 1571 κληθέντες
642 1521 752 1560 οὐδὲν
780 1520 852 1570 πρό
881 1526 955 1559 τῶν
979 1525 1153 1570 Τρωικῶν
1181 1520 1318 1575 ἀθρόοι
1348 1523 1518 1572 ἔπραξαν.
1563 1527 1622 1569 15,
1643 1529 1684 1561 2:

237 1583 316 1624 κατ’
343 1583 520 1633 ἀλλήλους
548 1582 598 1629 αἱς
625 1585 768 1623 ἕκαστοι
806 1585 844 1622 οἱ
868 1584 1115 1636 ἀστυγείτονες
1143 1584 1352 1632 ἐπολέμουν.
1394 1590 1454 1632 48,
1475 1591 1520 1623 4;
1550 1582 1590 1622 τό
1619 1583 1685 1632 μὲν

238 1646 359 1693 δεξιόν
396 1648 505 1697 κε’ρας
542 1663 580 1685 αι
608 1649 818 1698 Μεγαρίὸες
845 1651 929 1695 νῆες
956 1645 1052 1695 εἶχον
1078 1647 1140 1685 καὶ
1170 1648 1210 1684 αἱ
1229 1646 1555 1697 Ἀμπρακιωτίδες,
1592 1645 1683 1684 κατά

238 1710 277 1748 δὲ
314 1708 354 1747 τὸ
392 1711 503 1757 μέσον
539 1711 577 1747 οἱ
610 1708 707 1747 ὄὶλλοι
744 1708 924 1757 ξύμμαχοι
961 1707 1011 1753 αἱς
1048 1710 1204 1748 ἕκαστοι.
1249 1714 1308 1755 67,
1330 1714 1372 1747 4:
1412 1709 1474 1746 καὶ
1513 1710 1551 1746 οἰ
1584 1707 1682 1746 ὅὶλλοι

237 1771 443 1822 ἐγκλήματα
480 1773 673 1810 ἐποιοῦντο
711 1769 762 1816 ὥς
798 1772 940 1810 ἔκαστοι
967 1772 1029 1809 καὶ
1059 1775 1247 1820 Μεγαρῆς.
1299 1777 1359 1818 89,
1381 1777 1424 1810 2:
1453 1769 1685 1809 ἀπέπλευσαν

239 1836 275 1880 ἐξ
302 1832 570 1883 Ἑλλησπόντου
599 1831 649 1879 οἷς
677 1834 822 1872 ἕκαστοι
849 1832 941 1871 κατά
970 1832 1103 1878 πόλεις.
1151 1839 1211 1881 98,
1232 1839 1276 1872 4:
1304 1831 1431 1884 πραίτη
1459 1831 1552 1881 αὕτη
1579 1831 1683 1877 πόλις

323 1962 355 2002 1)
376 1962 413 1991 V.
437 1962 544 1991 Matth.
568 1961 621 1991 Gr.
638 1961 692 1991 Gr.
709 1962 749 1991 11.
773 1961 791 2000 ξ
809 1963 877 1992 628.
896 1964 911 1991 1
929 1970 945 1991 o
960 1971 988 1999 p.
1008 1962 1098 1991 1510.
1138 1961 1291 1990 Kushner.
1314 1960 1367 1990 Gr.
1394 1959 1445 1989 Gr.
1470 1960 1508 1989 11.
1532 1959 1551 1997 ξ
1568 1961 1637 1989 555.
1654 1960 1682 1989 5.

236 2017 307 2045 adn.
327 2017 376 2045 15.
399 2025 430 2052 p.
451 2016 522 2045 221.
575 2015 724 2051 Krusger.
748 2015 801 2044 Gr.
827 2014 878 2043 Gr.
902 2016 925 2043 1.
949 2014 967 2049 ξ
982 2016 1031 2045 69.
1050 2016 1099 2044 63.
1119 2016 1147 2043 7.
1190 2013 1360 2042 Hermann.
1379 2014 1418 2042 od
1440 2013 1543 2049 Vigor.
1566 2020 1598 2049 p.
1611 2012 1683 2042 851.

236 2068 387 2097 Schasfer.
417 2067 456 2096 ad
477 2067 631 2096 Lambert.
654 2067 715 2096 Bos
737 2067 881 2103 ,Ellipses
902 2067 1047 2096 Graecas*
1069 2076 1099 2103 p.
1115 2068 1185 2096 602.
1237 2066 1352 2102 Poppo.
1383 2065 1421 2094 sd
1443 2064 1535 2093 Thuc.
1559 2065 1574 2093 1
1599 2066 1628 2101 3,
1654 2066 1683 2094 4.

238 2121 332 2149 Stein.
356 2120 394 2147 ad
409 2120 523 2148 Herod.
540 2119 583 2147 VI
599 2121 650 2154 31,
667 2120 686 2148 5
710 2118 813 2147 Solan.
828 2119 866 2147 sd
881 2119 1007 2147 Lucian.
1022 2128 1087 2147 ver.
1102 2118 1205 2146 histor.
1221 2119 1236 2146 1
1256 2119 1292 2145 15
1307 2119 1364 2153 (=
1380 2117 1452 2146 edit.
1468 2117 1534 2153 Bip.
1551 2117 1612 2144 vol.
1628 2117 1681 2145 1v.

236 2181 268 2209 p-
284 2171 368 2210 553.)
392 2170 516 2201 Gesner.
542 2171 581 2200 ad
603 2170 729 2199 Lucian.
753 2170 790 2198 de
811 2171 914 2199 astrol.
938 2171 965 2199 7.
988 2170 1043 2210 (=
1057 2170 1127 2199 edit.
1144 2170 1211 2207 Bip.
1229 2170 1291 2199 vol.
1306 2169 1342 2198 V.
1358 2178 1387 2206 p.
1404 2166 1488 2208 528.)
1510 2167 1684 2197 Casaubon.

236 2225 275 2252 ad
298 2224 438 2253 Strabon.
462 2233 492 2259 p.
510 2224 580 2252 510.
604 2221 659 2262 (.--
673 2222 725 2250 lib.
741 2222 788 2250 XI
803 2223 831 2256 8,
848 2224 879 2255 2)
902 2222 1115 2258 Wyttenbaeh.
1139 2219 1276 2260 ,ἐκλογαὶ
1299 2219 1462 2259 {ct-reptant*
1486 2230 1514 2257 p.
1533 2222 1603 2250 34⁶.

322 2274 355 2311 2)
378 2274 414 2303 V.
439 2275 703 2303 Westermannum
737 2277 767 2301 et
789 2273 957 2301 Frankium
987 2273 1026 2300 ad
1048 2273 1134 2301 Dem.
1157 2273 1213 2301 1.1.
1237 2273 1404 2301 Rshdsntz.
1435 2272 1497 2301 ind.
1520 2272 1678 2301 Demosth.

236 2329 274 2358 11.
300 2337 328 2358 s.
350 2338 381 2357 v.
405 2323 460 2362 ὥς.

320 2379 352 2419 3)
375 2380 460 2415 Quas
482 2379 652 2416 explicandi
683 2379 760 2407 ratio
783 2386 877 2414 quam
899 2381 981 2406 recta
1003 2378 1042 2406 sit
1063 2378 1254 2414 cognoscitur
1276 2386 1311 2406 ex
1334 2377 1448 2406 Herod.
1465 2378 1481 2405 1
1499 2379 1549 2412 29,
1566 2378 1601 2406 5:
1627 2371 1686 2406 α’τῑ-

236 2430 384 2463 ικνέονται
414 2429 448 2466 ές
469 2427 592 2469 Σάρδις
621 2425 707 2461 ἄλλοι
737 2438 772 2461 τε
797 2428 825 2460 οἱ
853 2425 967 2464 πάντες
989 2426 1025 2459 ἐκ
1053 2427 1114 2469 τῆς
1133 2426 1287 2464 Ἑλλάδος
1318 2425 1465 2469 σοφισταὶ
1487 2424 1532 2463 ὥς
1554 2425 1684 2463 ἕκαστος

235 2481 340 2515 αὐτῶν
362 2479 537 2515 ἀπικνέοιτο
559 2481 614 2513 καὶ
636 2480 678 2521 δή
702 2481 757 2513 καὶ
779 2480 901 2513 Σόλων.

321 2535 354 2574 4)
377 2537 425 2566 Cf.
448 2535 556 2563 Matth.
581 2534 633 2562 Gr.
658 2534 711 2563 Gr.
728 2534 768 2562 11.
785 2534 804 2571 ξ
819 2533 891 2562 461.
908 2541 933 2561 c.
957 2532 1113 2562 Kuehner.
1136 2532 1189 2562 Gr.
1205 2532 1257 2562 Gr.
1275 2534 1314 2562 11.
1330 2534 1402 2563 582.
1418 2535 1447 2562 2.
1464 2533 1533 2561 ndu.
1549 2534 1578 2561 4.

322 2588 353 2626 5)
377 2588 423 2619 Cf.
448 2587 563 2616 Wisen.
589 2587 648 2623 ‚De
671 2586 702 2614 vi
725 2590 754 2615 et
776 2595 833 2615 usu
854 2586 1021 2624 particulas
1043 2582 1088 2621 ὥς
1111 2586 1190 2624 apud
1212 2586 1318 2615 Τίιιιο.ι
1341 2594 1372 2630 p.
1389 2587 1439 2618 13.
1455 2594 1479 2616 s.
