1910 2806
893 63 1155 115 ⁸02..

302 167 508 214 ἐπέστασαν
535 172 611 214 «ituci
638 178 712 215 τῶν
738 174 948 226 βαρβάρων.
1001 175 1053 222 ὣς
1089 175 1129 214 δὲ
1166 175 1227 227 κς)
1257 175 1296 214 οῖ
1319 172 1417 215 ἄλλοι
1442 175 1482 214 οἱ
1504 171 1573 223 τὴν,
1602 170 1745 225 mun}-

303 253 371 286 νην
399 238 546 287 ἔχοντες.
592 241 652 279 IX
672 244 732 286 35,
756 245 798 280 1:
827 239 865 277 οἱ
887 236 1043 289 Ἀργεῖοι
1069 235 1325 287 ἀπειληθέντες
1353 239 1389 284 ἐς
1415 236 1556 277 στεινὸν
1581 237 1745 277 καταινέ-

302 312 384 340 ουσι
409 301 471 339 καὶ
498 305 624 342 ταῦτα.
680 300 732 347 ὃς
759 302 797 340 δὲ
824 302 884 341 καὶ
913 304 1143 351 Σπαρτιῆται
1169 300 1317 347 πάντως
1342 299 1563 351 συνεχώρεόν
1590 302 1630 339 οἷ
1642 301 1690 350 ¹).

406 365 476 401 Sed
514 366 700 413 paulisper
736 368 780 402 ad
808 366 1029 413 Thucydidis
1061 366 1180 403 locum
1208 369 1441 403 revertamur.
1496 364 1613 405 Quem
1638 377 1661 401 a
1688 377 1745 401 me

302 428 450 465 omnino
491 441 564 465 non
608 430 729 466 afferri
771 430 952 476 oportuit,
994 429 1024 464 si
1060 441 1148 465 vera
1183 432 1240 466 est
1276 429 1431 466 Goelleri
1474 432 1511 465 et
1549 428 1743 465 Fritzschii

302 491 494 538 (,Quaestt.
514 491 677 530 Luciam!
695 504 729 538 p.
745 493 848 537 199.)
870 491 1015 538 opinio:
1034 492 1176 527 minore
1193 491 1490 538 interpunctione
1508 495 1593 529 ante
1616 485 1665 533 aig
1680 503 1745 537 po-

302 553 373 588 sita
399 547 450 594 ὥς
476 553 631 590 relativo
659 566 767 590 sensu
794 553 1078 600 intellegendum
1104 565 1184 590 esse
1199 552 1246 601 ²).
1287 556 1339 590 At
1366 557 1544 589 oratorem
1571 541 1674 589 ilium
1693 572 1744 580 —

303 616 348 650 de
367 615 513 652 Cleonis
540 616 636 652 enim
665 616 838 660 oratione,
868 628 941 652 non
969 617 1015 651 de
1042 616 1284 662 descriptione
1311 628 1429 653 rernm
1458 619 1639 662 gestarum
1669 616 1745 661 agi-

302 691 382 714 mus
409 698 459 704 -—
487 678 610 727 aliqua
637 691 717 716 oum
744 679 781 716 vi
810 682 848 716 et
875 679 976 716 vocis
1002 678 1207 716 intentione
1234 678 1448 726 particulam
1477 674 1528 721 ἆῖς
1555 679 1746 726 pronunti-

304 745 426 777 antem
465 741 698 788 Thucydides
733 743 829 778 haud
867 742 975 778 dubie
1002 742 1123 778 finxit.
1177 742 1283 777 Hanc
1323 746 1444 778 autem
1479 742 1554 778 vim
1591 741 1744 777 relativo

301 797 351 845 ὥς
377 803 472 839 effici
504 815 604 850 nego
633 816 714 841 cum
743 804 925 841 Ellendtio
954 804 1076 851 (lexic.
1105 804 1216 851 Soph.
1243 816 1279 851 p.
1301 805 1434 850 801.·).
1463 816 1603 850 „„cum
1631 803 1742 850 signi-

303 866 471 902 ficantius
508 878 586 903 esse
617 879 691 903 non
718 868 851 913 possit,
892 868 989 915 quod
1027 867 1213 903 vinculum
1250 868 1510 905 sententiarum
1546 878 1644 902 mere
1672 867 1746 902 dia-

301 928 469 965 lecticum
497 933 536 965 et
561 929 713 966 formale
740 932 840 966 est“:
879 942 991 978 quare
1027 930 1141 966 sicubi
1178 930 1248 973 hic,
1287 930 1360 973 ille,
1396 930 1490 974 talis,
1517 934 1650 974 tantus,
1677 930 1747 965 hoc

304 992 411 1026 modo
448 1003 528 1028 cum
567 992 604 1028 vi
632 992 902 1038 pronuntianda
928 996 1033 1036 sunt,
1069 992 1256 1038 subrogari
1285 992 1367 1040 qui,
1406 992 1541 1040 qualis,
1579 988 1746 1041 quantus,

306 1055 487 1101 quomodo
524 1055 672 1090 minime
706 1057 894 1101 possunt.“
960 1054 1081 1092 Quid?
1118 1055 1214 1102 quod
1252 1055 1469 1100 pronomina
1504 1055 1747 1102 adverbiaquc

304 1115 468 1160 relativa,
495 1128 575 1152 cum
603 1116 734 1154 vocula
761 1108 830 1152 οὖν
856 1116 1099 1165 subsequitur,
1136 1129 1284 1163 prorsus
1311 1116 1417 1152 aliam
1446 1116 1746 1162 significationem

305 1178 456 1213 induere
484 1179 602 1216 solent
629 1191 670 1215 ac
697 1191 790 1227 quae
817 1179 855 1214 in
884 1180 982 1214 hunc
1008 1179 1128 1215 locum
1158 1178 1354 1215 convenit?
1404 1180 1448 1215 V.
1479 1180 1655 1224 Kruoger.
1683 1178 1745 1215 Gr.

306 1240 368 1275 Gr.
396 1241 427 1276 Ι.
457 1243 518 1277 51.
548 1244 606 1277 15.
635 1245 669 1277 4.
697 1262 748 1268 —
776 1242 806 1277 E
835 1242 979 1277 Krohlii
1017 1242 1060 1277 de
1096 1242 1167 1277 hoc
1204 1241 1284 1277 loco
1323 1241 1570 1287 disputatione
1600 1240 1746 1287 (,Quae-

305 1302 462 1337 stionum
492 1303 806 1350 Tbucydidearum
834 1304 981 1350 specim.
1001 1304 1033 1339 I‘
1060 1315 1096 1350 p.
1117 1302 1180 1350 7.),
1219 1315 1291 1351 qua
1319 1303 1639 1340 demonstrativam
1666 1314 1746 1348 par-

304 1364 436 1400 ticulae
462 1365 537 1401 vim
565 1368 692 1402 contra
720 1366 960 1407 Fritzschium
989 1365 1083 1402 tueri
1113 1366 1268 1402 studuit:
1296 1365 1501 1409 ,Fritzschii
1528 1365 1745 1411 interpreta-

302 1426 413 1461 tionis
440 1427 630 1470 rationem,
657 1428 726 1463 etsi
754 1440 828 1463 non
856 1429 963 1474 plane
990 1428 1181 1463 abicienda
1210 1428 1267 1471 sit,
1294 1432 1414 1464 tamen
1434 1428 1541 1473 paulo
1562 1428 1743 1463 duriorem

302 1499 380 1524 esse
408 1500 516 1536 quam
545 1493 585 1525 ut
612 1490 780 1525 omnibus
808 1490 897 1526 locis
924 1490 1040 1535 possit
1057 1489 1187 1537 aptari‘
1215 1493 1354 1525 certum
1373 1489 1512 1525 lucrum
1531 1489 1650 1525 faeere
1669 1500 1742 1524 non

301 1550 405 1596 potui
419 1549 467 1596 ³).

304 1613 572 1650 Posterioribus
610 1614 836 1661 temporibus
871 1615 1191 1651 demonstrativam
1224 1614 1391 1651 vocabuli
1422 1609 1472 1656 ὥς
1498 1614 1575 1652 vim
1603 1614 1648 1649 ab
1676 1615 1745 1649 Ar-

302 1675 405 1710 riano
433 1681 643 1713 renovatam
663 1688 741 1713 esse
761 1677 1010 1713 Grundmann.
1030 1689 1067 1723 p.
1087 1680 1148 1713 61.
1176 1677 1353 1714 Boehner.
1373 1689 1407 1723 p.
1430 1680 1477 1712 56
1497 1677 1745 1713 ostenderunt.

409 1738 473 1773 De
501 1739 981 1785 praepositionibus.

355 1801 490 1845 Legem
513 1801 794 1846 grammaticam,
822 1813 869 1837 ex
891 1813 963 1849 qua
983 1801 1096 1837 Attici
1124 1801 1317 1848 scriptores
1344 1800 1483 1837 classici
1509 1800 1747 1847 praepositio-

302 1874 385 1896 nem
414 1860 475 1897 ἐπί
501 1874 582 1898 cum
611 1863 732 1899 dativo
760 1864 928 1899 vocabuli
962 1867 1117 1908 tempus
1132 1863 1278 1911 aliquod
1306 1863 1467 1899 notantis
1495 1874 1568 1898 non
1596 1862 1746 1898 coniun-

301 1928 446 1968 xerunt,
486 1926 683 1961 seeundum
712 1926 876 1961 codicum
903 1926 1113 1961 memoriam
1142 1925 1372 1973 Thucydides
1399 1937 1472 1960 non
1500 1925 1626 1971 explet
1651 1925 1747 1960 vm

255 1997 257 1999 ·
302 1989 363 2030 68,
384 1990 429 2022 4:
462 1982 619 2033 χαλεπόν
656 1979 704 2033 ἦν
731 1984 795 2022 τόν
817 1983 1031 2033 Ἀθηναίων
1058 1986 1179 2034 δῆμον
1206 1982 1262 2023 ἐπ’
1288 1985 1357 2022 ἔτει
1384 1984 1567 2036 ἑκατοστῷ
1593 1983 1746 2033 μάλιστα

302 2044 428 2095 ἐπειδὴ
456 2047 494 2084 οἱ
518 2045 691 2097 τύραννοι
717 2046 969 2097 κατελύθησαν
998 2048 1208 2098 ἐλευθερίας
1234 2051 1383 2086 παῦσαι.
1426 2049 1531 2089 Quod
1558 2052 1745 2096 peccatum

386 2196 416 2235 1)
438 2197 587 2234 Exempla
620 2195 755 2226 eiusdem
786 2197 905 2233 generis
934 2197 1106 2227 Herodotea
1137 2201 1226 2233 atque
1257 2198 1334 2228 Plat.
1358 2198 1440 2226 Prot.
1463 2206 1493 2234 p.
1519 2197 1589 2226 326.
1615 2196 1645 2224 D
1676 2196 1748 2233 Bpl.

302 2258 329 2285 p.
347 2251 418 2279 530.
433 2250 462 2278 D
484 2250 624 2286 Krueger
639 2249 694 2277 Gr.
713 2247 766 2277 Gr.
783 2242 890 2278 11.‘7'1.
908 2251 922 2278 1
947 2249 1082 2286 praebet.

386 2301 418 2338 2)
441 2302 476 2329 V.
492 2310 568 2336 quae
590 2302 627 2330 de
650 2301 707 2330 hoc
729 2309 787 2330 usu
802 2301 907 2329 Mstth.
925 2300 977 2329 Gr.
993 2301 1047 2330 Gr.
1061 2302 1098 2330 11.
1114 2302 1133 2338 ξ
1149 2302 1218 2331 477.
1243 2301 1388 2330 Kuehner
1401 2300 1454 2329 Gr.
1471 2300 1524 2330 Gr.
1539 2301 1579 2330 11.
1595 2309 1624 2337 p.
1641 2301 1713 2330 561.
1728 2302 1747 2330 2

301 2354 543 2390 disputaverunt.
587 2354 697 2389 (Miror
730 2353 885 2382 Kushneri
917 2353 1168 2389 inconstantiam,
1201 2354 1252 2389 qui
1276 2353 1328 2382 Gr.
1353 2353 1406 2381 Gr.
1430 2354 1453 2382 1.
1478 2353 1497 2389 ξ
1524 2354 1593 2382 179.
1622 2353 1691 2380 adn.
1717 2354 1745 2382 5.

300 2415 330 2442 p.
348 2408 420 2435 475.
440 2405 717 2441 demonstrativam,
739 2406 779 2434 11.
795 2405 813 2442 ξ
830 2407 899 2435 561.
918 2407 945 2434 2.
962 2406 1030 2434 adn.
1047 2407 1076 2435 4.
1100 2414 1128 2442 p.
1147 2407 1219 2435 940.
1252 2404 1410 2435 relativam
1444 2405 1507 2434 vim
1539 2405 1570 2433 in
1601 2403 1748 2441 particula

302 2451 347 2493 oi<
371 2459 465 2489 Thuc.
482 2459 504 2488 l.
521 2459 543 2488 l.
565 2459 663 2488 inesse
685 2459 870 2495 contendat).

386 2509 418 2549 3)
435 2504 524 2546 Ὧδ’,
554 2511 636 2546 quod
659 2511 765 2547 Poppo
788 2509 831 2550 (in
856 2510 996 2547 scriptur.
1021 2511 1151 2547 discrep.
1174 2510 1213 2538 ad
1236 2510 1366 2538 Thucl.
1384 2510 1403 2538 1.
1429 2509 1499 2538 edit.
1522 2507 1606 2547 mai.)
1626 2516 1681 2545 pro
1703 2503 1748 2547 ὥς

301 2562 396 2597 scribi
418 2563 524 2600 voluit,
548 2566 653 2601 postea
671 2563 737 2601 ipse
759 2563 881 2593 videtur
903 2562 1028 2592 missum
1051 2562 1168 2593 recisse.
