1910 2806
913 99 1175 149 2—66...

323 210 386 255 καὶ
419 210 624 254 Οἰδιπόδεω
653 213 743 264 ἱρόν.
787 220 874 261 200,
895 220 940 253 4:
967 217 1039 252 τοῖν
1067 214 1106 253 δὲ
1133 217 1209 252 πᾶν
1234 213 1304 265 γάρ
1331 206 1378 264 ἦν
1403 212 1443 253 τό
1472 214 1617 263 πλῆθος
1643 214 1762 265 μεταί-

322 294 399 317 τιον
436 277 507 317 οὖκ
540 277 708 317 ἐδέκοντο
734 275 820 323 τούς
846 274 988 328 λόγους.
1044 278 1121 316 VII
1141 281 1290 325 142,1:
1328 274 1441 316 ταῦτά
1477 289 1542 325 σφι
1574 275 1761 330 ἠπιώτερα

321 341 390 392 γάρ
418 345 491 379 τῶν
517 341 708 391 προτέρων
734 341 797 378 καὶ
824 334 872 388 ἦν
897 340 959 377 καὶ
989 338 1111 377 ἐδόκεε
1139 337 1229 378 εἶναι
1256 339 1554 391 συγγραψάμενοι
1581 338 1759 379 άπαλλάσ-

320 415 430 441 σαντο
466 403 503 448 ές
529 401 594 447 τοὶς
626 401 802 451 Ἀθήνας.
859 407 947 448 209,
978 407 1021 440 3:
1056 398 1125 439 ἄλλ’
1168 400 1269 454 αὐτῷ
1308 406 1427 453 γελοῖα
1464 400 1532 453 γάρ
1567 402 1758 451 ἐφαίνοντο

320 466 469 511 ποιέειν,
507 465 761 514 μετεπέμψατο
790 462 1015 515 Δημάρητον
1045 462 1109 502 τόν
1131 462 1351 515 Ἀρίστωνος
1378 464 1484 504 έόντα
1511 466 1549 504 έν
1575 468 1624 518 τῷ
1652 478 1758 516 στρα-

318 528 473 580 τοπέδῳ.
532 531 629 566 VIII
648 533 708 574 94,
732 532 800 565 14:
826 529 938 563 ταῦτα
961 526 1138 576 λεγόντων
1157 524 1337 565 οἷπιστέειν
1354 525 1422 577 γάρ
1441 526 1504 564 τόν
1521 525 1761 576 Ἀδείμαντον,

319 585 423 635 αὖτις
449 589 535 628 τάδε
561 590 683 640 λέγειν,
712 586 761 633 αῖς
782 588 888 627 αὐτοὶ
906 586 980 627 οἶοί
997 602 1034 626 τε
1062 585 1131 626 εἷεν
1150 587 1324 639 ἀγόμενοι
1342 587 1475 639 ὅμηροι
1493 587 1755 638 ἀποθνήσκειν.

318 656 376 690 ΙΧ
399 658 483 700 109,
506 656 526 690 7
541 669 549 691 :
584 655 628 703 τῇ
665 651 705 689 δὲ
741 654 864 695 κακῶς
890 649 959 701 γάρ
995 651 1069 688 ἔδεε
1096 653 1269 704 πανοικίῃ
1297 652 1488 701 γενέσθαι,
1525 650 1618 702 πρός
1645 655 1758 690 ταῦτα

318 712 396 753 εἷπε
424 714 550 768 Ξέρξῃ.
578 737 630 743 -
658 717 770 753 Thuc.
789 718 810 752 I
830 717 891 761 72,
915 720 957 753 1:
984 717 1057 751 τῶν
1085 712 1124 751 δὲ
1146 712 1361 762 Ἀθηναίων
1380 714 1479 763 ἔτυχε
1497 713 1565 766 γοὶρ
1584 716 1757 765 πρεσβεία

316 779 381 816 καὶ
413 776 595 827 πρότερον
633 777 672 815 ἐν
709 780 754 829 τῇ
782 776 1033 825 Λακεδαίμονι
1063 776 1145 826 περὶ
1174 773 1291 814 ἄλλων
1318 780 1488 827 παροῦσα
1516 775 1566 823 ὥς
1586 775 1755 830 ᾔσθοντο

315 844 389 879 ταῖν
416 839 554 891 λόγων,
591 836 712 886 ἔδοξεν
740 837 865 884 αὐτοῖς
884 870 892 878 .
913 870 921 878 .
942 870 950 878 .
981 854 1074 890 quae
1100 843 1214 879 verba
1239 842 1440 879 insolenter
1466 843 1563 880 dicta
1589 855 1666 880 esse
1693 855 1756 890 ap-

315 910 419 953 paret
454 918 520 953 pro
558 904 596 940 οῖ
630 902 670 940 δὲ
695 900 902 951 Ἀθηναῖοι,
941 902 1040 951 ἔτυχε
1067 900 1134 952 γάρ
1166 901 1288 940 αὐτοῖν
1315 903 1486 952 πρεσβεία
1507 932 1515 940 .
1536 932 1544 941 .
1574 906 1754 953 παροῦσα,

317 963 368 1010 ὥς
397 964 567 1018 ᾔσθοντο.
628 971 710 1012 115,
742 972 784 1003 4:
821 968 893 1003 τῶν
930 964 969 1003 δὲ
996 966 1149 1013 Σαμίων
1175 959 1268 1012 ἦσαν
1294 963 1363 1014 γάρ
1391 980 1483 1009 τινες
1511 967 1549 1003 οἳ
1576 963 1641 1014 οὐχ
1668 963 1754 1003 15⁷:ae-

318 1043 429 1077 μενον
456 1026 526 1066 ἀλλ’
557 1028 694 1077 ἔφυγον
722 1028 758 1072 ές
785 1025 851 1076 τήν
878 1024 1043 1078 ἤπειρον,
1071 1026 1288 1075 ξυνθέμενοι
1314 1030 1387 1064 τῶν
1415 1027 1453 1065 ἐν
1480 1030 1525 1080 τῇ
1552 1028 1654 1066 πόλει
1680 1032 1756 1073 τοῖς

315 1089 582 1135 δυνατωτάτοις
601 1120 609 1128 .
633 1120 640 1128 .
663 1120 671 1128 .
701 1090 873 1138 διέβησαν
900 1087 973 1128 find
1014 1088 1126 1127 νύκτα
1162 1090 1199 1134 ές
1225 1088 1291 1138 τὴν
1320 1089 1458 1138 Σάμον.
1518 1093 1610 1129 VIII
1630 1097 1689 1138 30,
1712 1097 1754 1129 1:

316 1156 381 1190 τοῦ
419 1150 570 1190 δἀὕτοῦ
606 1155 781 1200 χειμῶνος
814 1156 890 1196 τοῖς
922 1152 961 1190 έν
989 1151 1105 1204 Σάμῳ
1132 1150 1346 1200 Ἀθηναίοις
1371 1153 1657 1203 προςαφιγμένοι
1686 1152 1753 1203 γάρ

312 1209 406 1264 ἦσαν
433 1215 495 1254 καὶ
524 1216 675 1254 οἴκοθεν
701 1212 803 1253 άλλαι
830 1218 914 1264 νῆες
942 1214 1046 1253 πέντε
1072 1215 1136 1253 καὶ
1163 1213 1354 1266 τριάκοντα
1382 1215 1445 1253 καὶ
1472 1216 1687 1267 στρατηγοὶ.
1705 1246 1752 1263 ..,

307 1277 511 1325 ’ἐβούλοντο
531 1306 540 1314 .
561 1307 568 1314 .
598 1278 782 1327 ἐφορμεῖν.

313 1343 422 1389 Apud
450 1345 589 1379 ceteros
617 1342 810 1389 scriptores
837 1343 980 1379 Atticos
1016 1342 1224 1389 exemplum
1262 1343 1358 1391 quod
1385 1343 1442 1379 his
1468 1343 1576 1389 plane
1602 1355 1751 1391 respon-

314 1407 376 1441 det
412 1418 486 1441 non
523 1406 689 1449 occurrit,
729 1406 791 1441 sed
826 1418 900 1441 non
927 1406 1034 1450 longe
1062 1407 1165 1441 abest
1192 1406 1302 1441 Isocr.
1330 1406 1427 1441 VIII
1455 1409 1527 1442 44:
1571 1402 1752 1453 ἀσκοῦμεν

312 1464 560 1515 ἀνθρώπους,
600 1463 655 1509 οἷς
691 1462 830 1503 ὁπόταν
866 1480 920 1509 τις
956 1467 1045 1517 διδῷ
1082 1467 1191 1503 πλείω
1229 1463 1377 1513 μισθόν,
1416 1463 1486 1513 μετ’
1518 1466 1664 1504 ἐκείνων
1691 1466 1745 1513 ἐφ’

310 1525 407 1576 ἡμᾶς
435 1526 764 1576 ἀκολουθήσουσιν.
811 1530 928 1567 Multo
957 1531 1076 1566 minus
1104 1531 1130 1566 ii
1157 1531 1228 1566 loci
1248 1531 1447 1575 offendunt,
1477 1531 1609 1579 quibus
1628 1544 1752 1568 nume—

314 1605 375 1629 rus
395 1597 432 1629 et
453 1605 608 1639 persona
622 1593 821 1639 praedicati
840 1594 884 1628 ad
903 1605 979 1628 rem
999 1596 1239 1639 comparatam
1258 1594 1593 1630 accommodantur:
1613 1595 1722 1631 Thuc.
1735 1595 1754 1629 Ι

312 1658 371 1699 82,
395 1659 436 1691 1:
465 1650 731 1699 άνεπίφθονον,
770 1651 852 1690 ὅσοι
890 1651 1011 1702 ὥσπερ
1047 1653 1110 1690 καὶ
1145 1649 1248 1701 ἡμεῖς
1275 1650 1337 1689 ὑπ’
1362 1650 1571 1701 Ἀθηναίων
1599 1654 1751 1702 ἐπιβου-

308 1713 569 1764 λευόμεθα,
606 1712 657 1764 μὴ
680 1713 859 1764 ’Έλληνας
894 1712 1007 1766 μόνον
1035 1712 1121 1752 άλλά
1148 1714 1211 1753 καὶ
1238 1713 1450 1766 βαρβάρους
1477 1714 1751 1766 προσλαβόντας

309 1779 552 1826 διασωθῆναι.
607 1780 795 1817 Demosth.
815 1780 867 1816 IV
890 1783 955 1816 12:
994 1775 1019 1826 ἦ
1053 1776 1141 1827 τύχη
1179 1776 1236 1815 ἀεὶ
1271 1778 1410 1826 βέλτιον
1447 1776 1472 1827 ἢ
1506 1775 1610 1827 ἡμεῖς
1645 1776 1752 1828 ἡμῶν

309 1839 434 1878 αὐτῶν
461 1838 795 1889 ἐπιμελούμεθα.
1578 1869 1581 1873 -

307 2134 517 2169 Herodotus
545 2137 583 2168 et
610 2133 849 2180 Thucydides,
878 2146 957 2169 cum
986 2134 1024 2168 in
1053 2134 1250 2169 enuntiatis
1278 2135 1549 2180 temporalibus,
1575 2135 1750 2179 relativis,

304 2195 519 2240 causalibus,
549 2207 642 2244 quae
672 2206 691 2230 e
717 2196 829 2232 verbo
855 2196 978 2243 aliquo
1008 2196 1150 2232 dicendi
1169 2198 1339 2242 pendent,
1369 2208 1434 2243 pro
1454 2196 1664 2242 indicativo,
1692 2197 1749 2232 in-

303 2259 485 2294 finitivum
513 2263 551 2294 et
577 2271 643 2304 pro
673 2259 850 2311 optativo.
866 2270 944 2293 cum
973 2254 1018 2293 ὅὶν
1044 2259 1267 2295 infinitivum
1295 2272 1375 2295 cum
1404 2254 1449 2294 ἅν
1476 2260 1536 2295 hic
1563 2260 1639 2296 illic
1664 2261 1748 2296 sub-

301 2320 520 2367 stituuntl),
549 2333 569 2356 a
597 2321 835 2367 scriptoribus
864 2320 995 2356 Atticis
1012 2318 1046 2369 2)
1075 2333 1148 2356 non
1175 2322 1370 2366 recedunt;
1398 2323 1572 2358 recedunt
1598 2334 1679 2358 cum
1706 2321 1745 2357 in

390 2444 419 2481 1)
443 2444 479 2472 V.
503 2445 650 2481 Krueger.
675 2444 727 2473 Gr.
751 2444 804 2473 Gr.
828 2445 866 2473 11.
889 2444 970 2480 555.
994 2447 1022 2473 4.
1046 2448 1073 2474 3.
1115 2446 1208 2474 Stein-
1231 2446 1270 2474 ad
1293 2446 1403 2474 Herod.
1426 2447 1442 2474 1
1465 2448 1514 2482 24,
1538 2447 1577 2475 30
1622 2446 1746 2474 Boohm.

301 2500 330 2524 et
352 2496 487 2525 Classen.
511 2497 549 2524 ad
572 2497 669 2524 Thuc.
685 2498 700 2524 Ι
715 2498 766 2533 91,
781 2498 799 2525 5
822 2497 970 2532 Krueger.
994 2497 1083 2524 indie.
1105 2500 1264 2533 grammat.
1286 2498 1317 2525 in
1341 2498 1435 2527 Thuc.
1459 2506 1487 2526 s.
1508 2507 1539 2525 v.
1563 2497 1697 2525 Infinitiv
1714 2499 1742 2526 6.

384 2550 416 2584 2)
437 2549 475 2577 V.
497 2549 644 2585 Krueger.
669 2548 722 2578 Gr.
739 2549 791 2578 Gr.
808 2550 831 2577 I.
854 2549 872 2586 ξ
890 2550 938 2578 65.
955 2550 984 2577 4.
1001 2551 1019 2578 9
1053 2550 1208 2578 Kuehner.
1232 2549 1284 2579 Gr.
1302 2549 1357 2578 Gr.
1374 2550 1413 2578 11.
1436 2550 1454 2587 ἓ
1472 2551 1545 2578 594.
1562 2549 1590 2577 5.
1605 2558 1634 2586 p.
1652 2550 1745 2583 1056.

297 2600 495 2628 Middeudorf.
518 2600 753 2636 „Construction
775 2602 828 2628 der
843 2601 1033 2629 Nebensatze
1048 2602 1100 2629 der
1116 2602 1212 2629 oratio
1229 2602 1352 2637 obliqua
1373 2603 1404 2629 in
1420 2603 1450 2629 d.
1463 2602 1611 2630 attischen
1628 2602 1745 2631 Prosa“
