1910 2806
842 60 1077 106 ...g--

235 166 310 203 v11
339 172 373 211 4,
411 171 453 205 6:
491 164 688 214 ἐτετάχατο.
744 170 871 215 Neque
909 165 1042 213 α’φῖκτο
1079 183 1158 206 cnm
1198 170 1381 207 Badhamo
1415 169 1557 206 Stahlio
1600 169 1682 206 aliie

238 229 369 275 corrigi
397 230 480 266 nolo
508 229 547 265 in
577 225 737 274 ἀφίκοιτο
762 231 831 267 VII
852 232 872 266 7
880 234 913 275 5,
944 236 986 269 6:
1014 232 1112 274 σῖτος
1140 228 1207 280 γᾶρ
1237 229 1360 269 οὐκέτι
1388 223 1431 278 ἦν
1458 232 1508 281 τῷ
1535 242 1682 280 στρατο-

236 290 350 340 πέδῳ,
378 290 438 327 καὶ
468 288 541 338 μήν
568 287 593 337 ἦ
620 288 707 338 ἄλλη
736 291 834 328 αἰκία
861 293 923 328 καὶ
952 289 977 338 ἦ
1005 292 1189 340 ἰσομοιρία
1217 295 1289 330 τῶν
1307 296 1431 329 κακῶν
1451 290 1583 340 ἔχουσά
1602 307 1682 329 τινα

237 349 338 400 ὅμως
365 349 405 390 τὸ
435 349 523 400 μετὰ
552 354 695 390 πολλῶν
723 350 896 400 κούφισιν
924 350 1003 391 οὐδ’
1032 351 1083 398 dig
1111 355 1221 406 ῥᾳδία
1251 354 1287 392 ἐν
1315 357 1363 405 τῷ
1384 352 1539 403 παρόντι
1558 351 1682 400 ἔδοξά-

235 417 323 459 ζετο,
352 411 467 457 ἄλλως
494 428 530 451 τε
557 415 618 451 καὶ
649 412 723 452 vind
754 417 834 458 οἵας
860 414 1115 464 λαμπρότητος
1142 418 1202 454 καὶ
1225 415 1431 464 αὐχήματος
1450 420 1514 454 τοῦ
1533 415 1682 465 πρώτου

236 476 273 520 ἐς
300 476 382 514 οἵαν
410 474 574 525 τελευτήν
600 476 663 514 καὶ
689 476 927 525 ταπεινότητα
956 475 1101 523 ἀφῖκτο.
1158 481 1239 518 Hoc
1277 480 1339 528 qui
1376 481 1587 525 defendunt,
1621 483 1684 516 aut

237 551 310 575 non
346 540 425 575 sine
461 541 677 577 difficultate
716 542 917 576 subiectum
955 538 993 576 τό
1023 538 1267 587 στρατόπεδον
1294 542 1484 587 cogitando
1511 543 1685 589 supplent

236 604 315 646 aut,
353 613 445 650 quae
483 601 736 650 interpretatio
773 603 883 638 etiam
919 603 1075 639 deterior
1112 608 1177 647 est,
1220 600 1353 648 ἀφῖκτο
1391 603 1682 651 impersonaliter

236 663 373 700 dictum
400 676 477 699 esse
505 665 653 701 volunt:
689 660 832 710 αὔχημα
870 665 967 700 enim
1007 677 1079 701 non
1115 678 1221 712 posse
1259 666 1371 701 tribui
1409 666 1480 701 nisi
1519 666 1684 712 personis

236 725 340 761 Stahl
368 729 466 761 recte
492 726 691 761 adnotavit.

340 787 510 836 Reliquis
537 788 626 825 locis
653 789 883 835 Thucydides
910 789 1118 826 sollemnem
1149 790 1356 826 declinandi
1383 789 1559 826 rationem
1589 789 1683 825 Atti·
1716 827 1718 829 ,

238 861 362 885 corum
397 854 544 886 secutus
580 853 654 895 est,
691 851 795 886 velut
821 852 876 887 IV
905 855 965 895 32,
998 854 1040 887 1:
1088 849 1291 898 τεταγμένοι
1328 843 1440 897 ἦσαν,
1479 853 1495 886 Ι
1530 854 1611 895 114,
1643 854 1683 887 1:

238 909 505 959 διεφθαρμένοι
543 910 651 957 εἰσίν;
692 924 812 960 neque
850 913 947 948 enim
983 913 1046 949 illa
1080 914 1225 961 saepius
1263 926 1371 971 quam
1405 913 1461 948 bis
1478 913 1514 959 1)
1553 913 1591 947 in
1630 916 1685 949 tot

236 973 453 1020 scriptorum
480 974 728 1011 voluminibus
757 975 956 1021 reperitur:
985 975 1076 1011 Plat.
1105 976 1190 1022 Rpl.
1210 988 1245 1021 p.
1269 979 1342 1010 533
1372 976 1423 1011 B:
1453 971 1683 1021 τετράφαται,

237 1035 409 1082 Xenoph.
440 1036 556 1071 Anab.
585 1036 641 1073 IV
670 1039 703 1079 8,
735 1039 774 1072 5:
804 1031 1080 1082 ἀντιτετάχαται.
1134 1037 1179 1071 In
1207 1036 1326 1072 titulis
1351 1036 1486 1073 Atticis
1514 1040 1597 1072 ante
1622 1048 1684 1071 an-

238 1110 322 1132 num
352 1098 517 1141 CCCCX.
545 1099 702 1134 exaratis
730 1111 808 1134 eam
837 1099 955 1134 tribus
983 1099 1071 1134 locis
1099 1104 1252 1142 exstare,
1281 1099 1413 1134 dehinc
1441 1100 1485 1134 ab
1513 1099 1559 1133 iis
1581 1111 1684 1144 pror-

239 1170 301 1193 sus
328 1160 453 1194 abesse
480 1160 595 1195 Cauer
620 1172 657 1207 p.
686 1163 773 1206 413,
801 1159 1044 1195 Meisterhans
1061 1161 1076 1183 ²
1111 1172 1144 1206 p.
1176 1163 1246 1195 131
1279 1160 1575 1206 ostenderuntffl).

343 1221 555 1268 Inquirenti
585 1234 671 1257 num
699 1224 893 1259 verborum
922 1235 1056 1267 genera
1083 1223 1153 1257 alia
1180 1223 1254 1258 sint
1281 1224 1375 1268 apud
1404 1223 1627 1257 Herodotum
1648 1227 1685 1258 et

241 1282 513 1332 Thucydidem,
550 1284 621 1318 alia
655 1285 752 1330 apud
779 1283 941 1331 reliquos
968 1284 1163 1330 scriptores
1192 1283 1332 1319 Atticos
1359 1285 1448 1319 haec
1474 1295 1685 1318 commemo-

240 1346 354 1381 randa
382 1358 460 1381 esse
487 1346 577 1381 mihi
605 1346 685 1382 visa
712 1350 807 1383 sunt.
1208 1345 1211 1347 ’

345 1408 509 1443 Primum
536 1408 745 1444 Herodotus
782 1412 820 1444 et
854 1409 1100 1454 Thucydides,
1136 1421 1157 1443 a
1194 1408 1325 1455 quibus
1353 1420 1479 1452 nemo,
1513 1411 1688 1455 quantum

241 1469 327 1515 scio,
356 1473 429 1506 stat
455 1469 528 1506 nisi
555 1470 751 1518 Euripides
779 1470 885 1519 (frag.
912 1470 981 1506 inc.
1011 1473 1097 1507 904.
1126 1482 1161 1508 v.
1199 1472 1229 1506 7.
1257 1470 1305 1519 Ν)
1345 1475 1382 1507 et
1409 1470 1575 1507 nonnulli
1602 1469 1688 1506 scri-

329 1604 360 1643 1)
382 1606 430 1636 Cf.
454 1606 599 1641 Krueger.
625 1605 678 1635 Gr.
702 1605 754 1634 Gr.
778 1606 801 1633 1.
824 1606 843 1642 ξ
866 1606 916 1635 30.
939 1607 967 1634 2.
993 1607 1020 1634 7.
1044 1622 1084 1626 -
1106 1606 1254 1641 Exempla
1275 1608 1432 1642 poetarum
1454 1605 1637 1641 tragicorum
1659 1608 1689 1633 et

242 1657 456 1694 Aristophanis
478 1658 651 1695 suppeditat
666 1657 771 1686 Gen-th.
795 1658 990 1694 „Quaestiom
1009 1659 1045 1686 de
1061 1657 1195 1687 Graecae
1209 1657 1380 1694 tragoediae
1396 1657 1547 1686 dialecto“
1565 1666 1594 1693 p.
1608 1659 1646 1687 36
1663 1666 1687 1685 s.

326 1708 357 1747 *)
379 1710 498 1738 Ionicas
530 1710 642 1738 formas
676 1709 830 1738 nominum
862 1710 1070 1746 propriorum,
1103 1718 1181 1745 quae
1213 1710 1244 1737 in
1278 1709 1454 1746 Thucydide
1483 1710 1687 1743 inveniuntur,

243 1770 335 1797 supra
357 1770 416 1789 non
440 1762 538 1796 attuli,
572 1762 715 1798 quonium
749 1762 825 1790 alios
858 1770 976 1798 quoque
1006 1762 1168 1797 scriptores
1191 1762 1352 1797 genuinam
1373 1761 1533 1790 dialectum
1555 1761 1598 1789 eis
1620 1760 1689 1789 reli-

244 1814 344 1855 quisse
366 1815 472 1842 Matth.
498 1813 550 1841 Gr.
575 1813 630 1843 Gr.
651 1815 675 1842 1.
699 1814 718 1850 ξ
734 1815 783 1843 68.
799 1815 827 1842 8.
861 1815 1006 1842 Kuehner
1028 1813 1082 1841 Gr.
1100 1813 1153 1841 Gr.
1168 1815 1190 1841 1.
1214 1814 1232 1850 ξ
1251 1814 1318 1843 105.
1343 1816 1372 1843 8.
1396 1823 1424 1849 p.
1442 1815 1513 1843 302.
1537 1814 1555 1850 §
1573 1815 1642 1842 126.
1659 1816 1688 1843 8.

244 1875 271 1902 p.
299 1867 370 1895 344.
415 1866 510 1895 Cobet
532 1867 569 1895 N.
593 1866 629 1895 L.
653 1875 681 1902 p.
707 1866 778 1896 338.
824 1866 954 1894 Heiland
984 1866 1212 1901 ,Quaestionum
1242 1866 1278 1894 de
1310 1855 1437 1894 dialecto
1469 1866 1689 1902 Xenophontea

244 1918 345 1954 capita
366 1919 488 1946 selecta‘
511 1927 540 1953 p.
566 1920 611 1946 11.
638 1927 666 1954 p.
693 1919 740 1946 17.
785 1918 905 1953 Sauppe
927 1918 958 1945 in
981 1919 1099 1953 lexilog.
1114 1918 1251 1954 Xenoph.
1269 1926 1294 1946 s.
1310 1927 1339 1946 v.
1363 1918 1541 1953 ,genetivus‘
1565 1919 1685 1945 demon-

247 1973 432 2005 straverunt,
454 1970 504 1997 hic
526 1973 625 1997 tamen
648 1978 834 2006 proponam:
869 1969 883 1996 1
906 1971 955 2003 64,
980 1970 1017 1996 2:
1051 1967 1083 2005 ἐξ
1104 1965 1251 2006 Ἀφύτιος
1272 1969 1318 2007 (cf
1348 1969 1460 1997 schole
1483 1965 1632 2003 Ἰωνικῶς
1654 1965 1689 1999 δὲ

244 2018 327 2051 εἶπεν
350 2017 514 2057 Ἀφύτιος’
540 2018 601 2051 ἔδει
622 2018 682 2058 γὰρ
706 2018 758 2051 διὰ
781 2019 835 2050 τοῦ
858 2010 899 2057 S.)
921 2033 962 2045 =
984 2020 1096 2049 Herod.
1122 2021 1179 2049 VII
1204 2022 1273 2056 123,
1297 2023 1322 2051 5.
1346 2037 1385 2042 --
1408 2021 1499 2049 Thuc.
1525 2022 1555 2049 11
1578 2022 1628 2055 29,
1653 2023 1686 2049 1:

246 2069 366 2102 Πύθεω
402 2073 453 2110 (cf.
475 2073 589 2101 schol.:
624 2068 639 2102 ὁ
664 2069 797 2110 Πὺὕης,
830 2071 884 2102 τοῦ
909 2068 1048 2107 Πύθεω,
1078 2068 1240 2109 Ἰωνικῶς)
1262 2084 1303 2097 =
1325 2073 1437 2101 Herod.
1465 2072 1523 2100 vll
1547 2073 1616 2107 137,
1642 2074 1688 2101 17.

247 2126 317 2161 181,
342 2126 368 2153 2.
393 2140 431 2146 -—
455 2125 551 2153 Thuc.
572 2125 604 2153 11
626 2126 676 2160 99,
701 2126 731 2161 1,
755 2125 783 2153 7.
815 2126 865 2159 67,
888 2127 915 2153 1.
948 2125 997 2160 95,
1024 2127 1059 2153 1:
1082 2122 1200 2163 Τήρεω
1221 2137 1263 2149 =
1285 2124 1396 2153 Herod.
1417 2124 1448 2153 11
1474 2125 1542 2160 137,
1567 2126 1614 2160 16,
1638 2124 1689 2160 qui

244 2178 403 2212 genetivus
425 2177 523 2205 factus
545 2181 590 2205 est
611 2186 627 2205 e
648 2177 761 2205 nomin.
785 2173 910 2214 Τήρης.
932 2192 973 2197 -
995 2177 1145 2205 Thuc.1V
1162 2177 1232 2212 107,
1250 2179 1285 2205 3:
1310 2173 1367 2207 ὑπὸ
1391 2176 1452 2206 τῶν
1468 2172 1600 2211 Γοάξιος
1620 2175 1689 2206 παί-

244 2230 318 2259 δων.
341 2244 380 2250 —-
403 2229 496 2257 Thue.
520 2228 547 2255 V
571 2230 622 2264 51,
648 2230 682 2257 2:
717 2225 858 2266 Ξενάρης
880 2223 898 2258 ἆ
921 2226 1045 2263 Κνίδιος
1066 2226 1331 2266 Δακεδαιμὸνιος;
1353 2237 1429 2264 quae
1451 2229 1558 2264 forma,
1579 2229 1690 2265 quippe

245 2289 323 2316 quae
351 2280 381 2308 in
414 2280 535 2309 nomine
566 2280 696 2308 hominis
717 2280 950 2309 Lacedaemonii
971 2284 1060 2315 esset,
1094 2279 1245 2309 Meinekio
1268 2280 1384 2319 (Herm.
1406 2281 1462 2310 111.
1487 2279 1570 2318 363.)
1599 2280 1689 2308 valde

244 2333 406 2369 displicuit.
451 2332 643 2369 Quapropter
666 2336 737 2369 apte
758 2333 918 2369 proposuit
939 2331 1072 2363 Κνιδίου.
1118 2333 1213 2360 Porro
1235 2332 1294 2368 legi
1317 2333 1414 2360 voluit
1436 2332 1493 2361 Th.
1509 2333 1554 2360 111
1579 2333 1628 2368 19,
1651 2334 1686 2360 2:

245 2383 336 2424 μέχρι
363 2384 417 2415 τοῦ
441 2381 576 2419 Σάνδιος
606 2382 703 2423 λόφου
725 2394 780 2421 pro
803 2384 914 2413 tradito
937 2383 1081 2415 Σανδίου.
1114 2401 1154 2406 -
1185 2385 1277 2412 Thac.
1300 2385 1376 2412 vul
1398 2386 1449 2420 44,
1473 2387 1509 2413 2:
1541 2379 1688 2422 Ἰηλύσου

244 2442 286 2462 ·--
307 2437 420 2466 Herod.
444 2437 457 2465 1
483 2439 553 2472 ιιι,
578 2439 626 2467 13.
647 2454 687 2459 -
710 2437 807 2466 Thuc.
828 2438 843 2465 1
865 2438 915 2472 46,
938 2438 976 2465 4:
1006 2431 1152 2475 Ἐφύρη,
1186 2436 1222 2464 de
1250 2445 1309 2473 qua
1330 2437 1429 2465 forma
1448 2436 1543 2472 suhi,
1566 2435 1690 2472 Quaen.

244 2492 300 2526 gr.⁴
315 2490 329 2509 s
354 2498 383 2526 p.
409 2491 449 2519 58
483 2490 631 2526 exposuit.
674 2489 741 2525 Quo
771 2492 873 2519 autem
901 2489 966 2518 iure
983 2489 1095 2519 ,Cobet
1124 2490 1160 2518 N.
1184 2489 1220 2518 L.
1244 2498 1273 2524 p.
1297 2489 1359 2519 338
1381 2488 1570 2518 contenderit
1591 2486 1686 2529 Λάδῃ
1717 2526 1720 2529 ⁴

246 2541 353 2581 (Thuc.
377 2542 450 2570 V111
475 2543 522 2577 17,
546 2544 575 2571 3.
600 2544 649 2577 24,
674 2541 715 2581 1.)
738 2542 840 2570 Ionice
863 2542 974 2570 dictum
997 2549 1073 2579 esse,
1097 2550 1158 2569 non
1181 2541 1338 2579 perspicio.
