1910 2806
25 50 39 68 '⁵⁸
46 42 79 82 2431

0 103 20 176 ἐξ

846 74 897 91 ...
953 9 1001 100 16
1053 74 1103 90 ..2

261 162 424 217 φορτίον,
452 162 618 214 ἔκκαυμα
642 160 855 213 ‘Humanis
879 136 979 203 inter
1005 179 1044 204 se
1070 170 1246 215 pugnent,
1274 148 1453 217 equidem,
1482 178 1565 204 cum
1593 163 1694 205 Moe·

245 231 353 283 ‚ridie
379 230 590 279 opinionem
616 233 765 279 praeter
790 224 1043 279 Thucydidem
1068 230 1111 267 Π
1129 231 1189 277 77,
1209 235 1231 268 3
1259 232 1358 269 solus
1377 221 1575 278 Euri'pides
1593 230 1693 279 Cycl.

263 296 351 331 242.
378 293 571 330 confirmet
587 292 632 341 1),
661 288 820 337 φάκελος
845 294 890 330 ab
914 305 984 330 usu
1000 292 1118 342 Attici
1145 294 1322 331 sermonis
1339 297 1424 342 post
1440 293 1694 340 Thucydidem

261 356 510 393 intermissum
538 368 617 392 esse
644 367 711 392 nec
737 358 815 392 tum
842 354 1067 394 obsolevisse
1094 356 1234 404 opinor.
1289 357 1383 393 Nem
1411 359 1467 393 est
1492 355 1533 392 in
1556 355 1694 393 Herod.

182 437 185 439 ·
261 411 315 453 IV
345 422 405 461 62,
424 421 469 454 4:
504 413 703 465 φρυγάνων
730 413 895 461 φάκελοι.
944 418 1006 463 67,
1035 421 1078 454 2:
1107 416 1288 463 φακέλους
1314 415 1463 466 ῥάβδων
1489 422 1527 455 et
1553 416 1695 465 Hippo·

262 482 350 517 crat.
378 480 424 517 de
450 480 594 517 mulier.
621 481 737 517 morb.
764 479 827 517 lib.
855 480 886 517 L
913 480 985 517 vol.
1015 479 1144 517 XXII.
1173 494 1206 529 p.
1236 483 1323 518 699.
1350 481 1466 518 med:
1494 475 1695 529 φρυγάνων

293 538 426 579 «ineam.

262 555 372 652 {pud
399 604 594 652 scriptores
620 604 842 652 posteriores
868 604 909 641 in
935 605 1167 655 frequentem
1192 616 1298 642 usum
1325 605 1438 641 venit.

687 717 711 769 ξ
743 718 784 758 2.
836 718 1018 766 nomino
1043 717 1273 759 adlecflva.

365 793 592 830 Vocabulum
611 787 899 840 οἶγχίστροφο
912 805 930 835 ς
948 792 1098 831 obvium
1117 796 1172 829 est
1190 793 1286 841 apud
1298 793 1474 830 Herodot.
1484 792 1560 830 VII
1574 795 1632 838 13,
1648 795 1689 828 5.-

262 851 478 904 συγγνώμην
516 867 577 901 μοι
616 852 708 901 ἔχετε
745 850 801 890 ὅτι
836 849 1058 902 ἀγχίστροφα
1085 851 1317 901 βουλεύομαι,
1345 856 1444 903 apud
1469 856 1632 903 Thucyd.
1651 855 1693 890 ΙΙ

264 922 324 964 53,
356 921 394 954 1.-
421 915 665 966 ἀγχίστροφον
691 913 757 963 τήν
784 913 985 964 μεταβολὴν
1015 911 1170 965 δρῶντες
1195 918 1268 953 τῶν
1294 912 1323 953 τ’
1351 913 1578 964 εὐδαιμόνων
1597 946 1606 954 .
1626 944 1634 952 .
1655 945 1664 954 .
1684 944 1693 953 .

263 981 380 1025 Quod,
416 974 653 1029 posteaquam
687 980 727 1015 in
756 993 923 1016 sermone
950 981 1075 1017 Attico
1102 980 1304 1025 intercidit,
1341 981 1547 1017 recentiore
1574 983 1694 1016 aetate

260 1047 386 1079 rursus
434 1043 600 1091 prodisse
647 1056 694 1079 ex
732 1043 1027 1079 adnotationibus
1063 1043 1249 1090 Popponis
1290 1044 1336 1079 ad
1374 1044 1486 1080 Thuc.
1522 1044 1548 1079 l.
1587 1042 1612 1078 1.
1658 1045 1696 1078 et

261 1105 448 1141 Schaeferi
476 1105 522 1140 ad
549 1104 700 1152 Dionys.
729 1105 813 1139 Hal.
841 1106 886 1140 de
914 1112 1031 1152 comp.
1058 1107 1161 1141 verb.
1189 1118 1223 1152 p.
1255 1108 1341 1141 300.
1371 1105 1615 1150 cognoscitur.

356 1162 639 1213 Ἀξιόμαχος
667 1179 686 1203 3
714 1167 979 1204 vetustioribus
1007 1167 1247 1214 scriptoribus
1275 1167 1344 1204 soli
1359 1167 1395 1213 ²)
1418 1166 1628 1203 Herodotus
1656 1169 1694 1202 et

260 1229 492 1277 Thucydides
520 1232 799 1276 usurpaverunt,
827 1230 1050 1270 recentiores
1078 1231 1122 1265 ad
1149 1242 1263 1265 unum
1292 1241 1415 1265 omnes
1442 1230 1691 1277 frequentent.

263 1292 308 1329 V.
334 1291 471 1328 Herod.
499 1291 554 1327 VI
574 1294 634 1335 89,
662 1295 685 1327 4
724 1291 799 1327 VII
830 1294 912 1337 101,
943 1294 1001 1328 12.
1043 1295 1126 1337 138,
1156 1295 1189 1328 8.
1234 1292 1317 1337 157,
1349 1294 1407 1328 16.
1443 1294 1611 1336 236,>11,
1635 1293 1693 1327 13.

266 1355 360 1390 V111
388 1358 447 1397 63,
478 1358 510 1390 5.
550 1355 609 1389 IX
638 1358 697 1398 90,
732 1358 787 1390 19.
842 1356 955 1391 Thuo.
986 1356 1038 1391 lv
1067 1355 1126 1399 57,
1156 1358 1177 1390 2
1223 1355 1256 1391 V
1285 1358 1319 1399 2,
1348 1358 1381 1390 3.
1420 1357 1481 1398 6ο,
1510 1358 1545 1390 3.
1592 1353 1693 1390 VIII.

262 1418 320 1460 38,
351 1419 384 1450 3.
428 1418 488 1460 80,
519 1418 551 1450 1.

365 1478 527 1514 Verbum
549 1474 802 1524 ’ῖσοπαλής,
831 1479 928 1527 quod
955 1478 1135 1515 Herodoti
1163 1482 1200 1514 et
1229 1477 1453 1525 Thucydidis
1480 1476 1579 1514 binis
1605 1476 1696 1513 locis

260 1540 461 1584 invenitur,
489 1539 612 1575 nescio
641 1552 685 1575 311
713 1540 849 1587 reliqui
877 1540 996 1576 Attici
1023 1540 1184 1587 amplexi
1211 1551 1285 1575 non
1312 1539 1398 1575 sint.
1441 1540 1568 1587 Neque
1597 1538 1696 1574 enim

263 1602 462 1639 Platffrim.
478 1614 514 1648 p.
531 1605 589 1639 62.
606 1603 653 1638 E:
682 1601 715 1637 εἰ
741 1598 808 1649 γάρ
837 1615 869 1638 τι
896 1600 956 1637 καὶ
986 1597 1129 1650 στερεόν
1147 1600 1203 1648 εἰή
1223 1596 1314 1637 κατᾶ
1342 1599 1452 1647 μέσον
1477 1601 1543 1637 τοῦ
1561 1595 1698 1642 παντὸς

263 1662 446 1709 ίσοπαλὲς,
486 1663 535 1706 εἰς
572 1660 680 1699 οὐδὲν
717 1660 762 1699 ἅν
798 1676 886 1700 ποτε
917 1666 1005 1700 τῶν
1022 1661 1179 1711 ἐσχάτων
1207 1662 1368 1710 ἐνεχθείη
1396 1659 1457 1699 διὰ
1484 1659 1550 1709 τὴν
1577 1659 1697 1713 πάντῃ

261 1722 458 1774 ὁμοιότητα
486 1723 606 1763 αὐτῶν
634 1739 653 1763 3
688 1727 835 1774 vulgari
872 1727 1018 1765 dicendi
1054 1739 1154 1765 more
1181 1726 1391 1764 Atticorum
1424 1725 1595 1771 fluxisse,
1636 1726 1699 1778 sed

263 1790 403 1825 Timaei
430 1801 510 1826 esse
535 1790 695 1826 videtur.
751 1789 852 1828 Quae
888 1803 947 1826 res
985 1803 1032 1826 ex
1060 1803 1102 1826 eo
1137 1790 1334 1834 colligitur,
1363 1790 1461 1837 quod
1487 1789 1626 1824 Timaei
1654 1789 1699 1824 de

263 1851 398 1888 mundo
429 1850 613 1889 sententis
640 1852 685 1888 ab
713 1851 793 1899 ipso
820 1849 875 1888 ibi
893 1851 1063 1900 exposita
1080 1850 1320 1896 Parmenidis,
1348 1862 1456 1899 quem
1474 1851 1514 1885 in
1532 1852 1699 1897 poemate

263 1914 408 1960 (Jonice
436 1914 587 1962 scripto)
616 1915 741 1950 eedem
760 1925 852 1952 voce
879 1926 986 1951 usum
1014 1927 1093 1951 esse
1108 1915 1203 1950 Pht.
1222 1915 1333 1961 Soph.
1343 1926 1378 1959 p.
1393 1915 1481 1949 244.
1494 1913 1523 1948 E
1543 1912 1698 1949 Aristot.

264 1976 363 2010 207⁸
394 1975 450 2012 17.
491 1976 590 2012 976⁸
613 1979 647 2012 9.
688 1974 786 2012 978b
809 1980 844 2013 9.
872 1979 1065 2021 testantur,
1094 1975 1280 2012 simillimo.
1304 1974 1388 2011 fuit.

267 2038 382 2073 Porro
417 2038 589 2086 Xenoph.
618 2041 729 2085 Ages.
749 2040 799 2075 II.
823 2043 865 2075 9.
905 2035 1028 2086 ἑώρων
1069 2036 1110 2074 δὲ
1147 2034 1212 2080 τάς
1251 2050 1288 2073 τε
1316 2033 1504 2085 φάλαγγας
1542 2031 1701 2083 ἀλλήλων

265 2094 361 2144 μάλα
390 2096 594 2145 ίσομᾶλους,
622 2097 749 2146 σχεδὸν
784 2097 823 2135 δὲ
858 2099 919 2135 καὶ
949 2098 988 2135 οἱ
1012 2099 1135 2142 ἱππεῖς
1162 2092 1256 2146 ἦσαν
1283 2097 1462 2146 ἑκατέρων
1490 2097 1702 2144 ἰσοπληθεῖς

263 2161 328 2198 alii
364 2161 636 2200 Hutchisonum
682 2162 798 2200 secuti
843 2175 909 2209 pro
947 2158 1144 2210 ίσομαλονς
1181 2165 1454 2211 supposuerunt
1493 2157 1700 2206 ἰσοπάλους,

264 2223 329 2259 alii
364 2224 586 2262 Leonclavie
627 2226 802 2262 suadente
840 2221 1037 2272 ίσομάχους
1073 2227 1337 2272 praetulerunt.
1403 2226 1497 2261 Mihi
1531 2238 1592 2262 res
1627 2238 1701 2261 non

264 2286 394 2335 liquet.
1300 2298 1302 2300 ·

350 2390 381 2430 1)
402 2391 450 2419 Ad
472 2390 685 2428 Aristophanis
707 2391 784 2420 illud
805 2391 894 2429 (Rau.
918 2391 1003 2430 839.)
1025 2384 1392 2432 κομποφακελορρήμονα,
1416 2392 1497 2427 quod
1518 2400 1605 2420 tures
1620 2391 1703 2419 audi-

265 2443 378 2471 entium
400 2442 568 2471 oblectandi
590 2451 680 2472 causa
700 2443 801 2472 fictum
823 2444 872 2479 sit,
894 2453 1060 2481 provocare
1082 2453 1142 2473 non
1164 2446 1242 2474 licet.
1275 2461 1314 2466 —
1347 2445 1393 2472 De
1415 2444 1539 2480 reliquis
1562 2443 1704 2472 Moeridis

266 2495 368 2523 verbis
398 2494 464 2523 sine
494 2494 584 2522 dubio
608 2493 780 2531 depravatis
802 2497 924 2532 copiose
946 2497 1114 2532 expositum
1145 2500 1192 2525 est
1213 2491 1245 2525 111
1266 2495 1401 2525 Piersoni
1423 2496 1494 2525 edit.
1516 2505 1544 2532 p.
1570 2497 1640 2525 393.
1664 2504 1704 2525 ss.

350 2545 381 2589 2)
404 2546 449 2578 cf.
472 2545 620 2584 Krueger.
644 2546 683 2575 ad
704 2545 798 2576 Thuc.
810 2546 846 2576 V.
871 2549 898 2577 2.
941 2546 1054 2577 Herod.
1077 2546 1131 2577 VI.
1156 2548 1205 2578 89.

1454 2597 1516 2639 2*

1896 2650 1902 2660 ³
1900 2435 1910 2628 ,ι-ψΛψ....ι
1908 2357 1910 2361 .
1908 2307 1910 2311 .
1907 2234 1910 2235 ,
1909 2133 1910 2136 1
1906 2082 1910 2101 ..
1907 2057 1910 2062 .
1909 2027 1910 2033 1
