1910 2806
240 647 242 649 ,
283 574 494 662 Duplicem
524 612 569 648 ob
598 623 739 648 causam
766 623 897 659 operae
918 611 1076 659 pretium
1101 622 1159 647 me
1177 610 1355 647 facturum
1378 622 1454 647 esse
1472 610 1611 657 putavi,

177 684 208 719 si
237 683 483 732 quaestionem
518 683 755 729 instituerem,
792 687 970 733 quatenus
995 695 1112 721 sermo
1139 682 1365 729 Thucydidis
1390 695 1470 719 cum
1496 684 1615 719 Hero-

177 758 282 793 doteo
309 768 510 803 congruens
537 756 700 793 differret
725 769 745 792 a
772 756 937 793 sollemni
963 756 1179 805 scriptorum
1202 755 1405 792 Atticorum
1432 768 1531 792 more
1558 755 1613 791 di-

177 829 292 865 cendi.
347 829 507 865 Primum
535 829 632 865 enim
652 841 733 865 cnm
752 829 983 877 Thucydides
1000 829 1097 865 inter
1115 828 1311 875 scriptores
1328 830 1472 864 veteres
1489 831 1612 864 sucto-

176 891 285 928 ritate
310 892 419 938 longe
436 891 603 937 emineat,
630 896 727 928 certe
754 891 985 939 dignissimus
1003 894 1069 936 est,
1096 890 1199 928 cuius
1217 890 1363 927 dicendi
1381 890 1474 928 ratio
1494 891 1611 941 qualis

175 964 224 1000 sit
250 967 415 1000 accurate
443 965 673 1010 exploretur3
700 964 977 1011 discrepantiam
1005 976 1093 1000 vero
1120 964 1219 1000 illam
1248 976 1355 1012 quam
1373 964 1451 999 dixi
1478 964 1612 1013 siquis

176 1037 353 1082 ostendet,
380 1049 452 1073 non
481 1037 593 1073 solum
621 1038 690 1074 hoc
716 1050 846 1074 munus
880 1049 946 1085 pro
973 1039 1077 1085 parte
1103 1049 1168 1074 sua
1195 1036 1378 1084 explebit,
1413 1038 1476 1073 sed
1503 1036 1611 1074 etiam

174 1111 314 1158 aliquid
340 1111 502 1147 conferet
527 1111 573 1147 ad
591 1112 875 1156 cognoscendum
892 1123 1132 1158 progressum,
1160 1123 1232 1158 quo
1250 1122 1309 1147 ars
1326 1122 1434 1157 prose,
1450 1110 1612 1147 cretione

174 1182 356 1219 scribendi
391 1185 552 1229 tempore
586 1183 803 1229 procedente
840 1183 985 1219 exculta
1011 1185 1076 1220 est.
1130 1182 1272 1220 Deinde
1298 1194 1382 1230 spes
1409 1194 1466 1219 me
1492 1182 1612 1219 tenuit

175 1256 244 1291 hoc
270 1256 375 1292 modo
403 1267 527 1292 eorum
554 1255 758 1291 confirmari
784 1268 888 1302 posse
915 1256 1133 1301 seutentiam
1166 1256 1228 1305 qui
1256 1259 1404 1293 censent
1429 1255 1611 1303 Thucydi·

178 1329 259 1364 dem
286 1329 436 1365 alteram
464 1327 585 1375 operis
598 1331 750 1376 -partem
777 1329 974 1365 secundum
1000 1341 1125 1376 pacem
1144 1341 1165 1365 a
1179 1328 1285 1365 Nicia
1302 1329 1443 1374 factam,
1462 1329 1610 1366 alteram

178 1405 261 1447 post
287 1413 420 1437 aunum
447 1404 522 1437 404
551 1413 581 1436 a.
608 1402 692 1438 chr.
719 1414 755 1438 n.
782 1402 1047 1448 conscripsisse.
1101 1401 1246 1437 Etenim
1274 1402 1402 1449 quidni
1431 1414 1474 1438 eo
1498 1402 1612 1450 magis

177 1474 366 1521 opinemur
392 1473 617 1522 aliquantum
635 1456 809 1521 temporis
826 1474 923 1510 inter
941 1486 1001 1510 eas
1018 1474 1255 1521 intercedere,
1281 1474 1313 1510 si
1339 1486 1504 1510 sermone
1523 1486 1611 1523 quo-

179 1558 248 1594 que
275 1545 503 1594 discrepent?
542 1546 614 1582 Sed
639 1557 721 1594 spes
748 1558 804 1582 me
823 1546 972 1589 fefellit;
999 1558 1118 1595 neque
1136 1546 1231 1582 enim
1251 1546 1481 1594 Thucydides
1499 1547 1611 1583 verba

177 1621 221 1656 ab
256 1632 323 1656 usu
359 1622 557 1656 ceterorum
585 1619 787 1656 Atticorum
815 1619 953 1664 aliena,
990 1620 1122 1668 quibus
1156 1619 1195 1655 in
1232 1619 1414 1669 prioribus
1441 1623 1611 1668 quattuor

176 1693 278 1729 libris
304 1705 390 1729 usus
417 1696 482 1737 est,
508 1692 698 1740 perpaucis
725 1692 901 1741 exemplis
936 1692 1099 1740 exceptis
1125 1692 1164 1728 in
1192 1692 1454 1740 posterioribus
1479 1693 1609 1730 admit-

175 1769 252 1802 tere
279 1765 428 1808 destitit,
466 1777 584 1813 neque
620 1765 804 1813 ceteroqui
836 1765 914 1801 illic
945 1765 1088 1813 saepius
1116 1778 1224 1814 quam
1248 1765 1308 1801 hic
1336 1767 1381 1802 ab
1408 1767 1611 1803 Atticorum

176 1825 320 1874 dicendi
348 1838 608 1875 consuetudine
628 1838 793 1888 recessit.

282 1910 399 1947 Multa
426 1909 584 1959 quidem,
618 1922 698 1946 cum
727 1912 779 1947 tot
804 1910 877 1947 viri
904 1910 1103 1947 doctissimi
1134 1910 1323 1957 ingenium
1350 1913 1388 1947 et
1413 1911 1613 1948 doctrinam

176 1984 220 2019 ad
248 1983 474 2020 Herodotum
501 1986 538 2019 et
564 1983 809 2029 Thucydidem
837 1983 1068 2028 contulerint,
1095 1995 1306 2029 proponam,
1334 1995 1427 2030 quae
1455 1985 1500 2019 ab
1528 1984 1611 2020 aliis

174 2054 394 2102 investigata
419 2058 523 2101 sunt;
556 2055 619 2091 sed
641 2055 718 2091 'non
744 2055 859 2092 solum
886 2067 930 2092 ea
956 2055 1070 2102 magis
1095 2055 1279 2092 illustrare
1304 2068 1411 2102 posse
1437 2056 1529 2093 mihi
1556 2057 1612 2094 vi-
1672 2075 1675 2077 Δ

175 2130 273 2172 deor,
308 2139 434 2165 verum
468 2127 576 2163 etiam
602 2139 698 2165 nova
723 2128 886 2164 adiciam.
946 2128 1030 2163 Alia
1063 2131 1201 2173 autem,
1238 2140 1330 2176 quae
1357 2129 1477 2165 minus
1512 2133 1610 2166 recte

174 2201 315 2248 prolata
340 2203 436 2243 sunt,
464 2203 527 2235 aut
551 2199 729 2246 corrigam
755 2205 818 2236 aut
842 2200 1015 2247 refellam.

280 2273 350 2309 His
377 2272 583 2320 praemissis
610 2273 656 2308 ad
682 2284 757 2308 rem
784 2272 899 2319 ipsam
927 2273 1136 2308 accedamus
1151 2273 1200 2320 ¹).

260 2377 291 2416 1)
312 2376 458 2406 Herodoti
490 2376 629 2413 exempla
650 2375 797 2412 descripsi
825 2384 842 2404 e
863 2374 968 2404 Steinii
997 2375 1127 2405 editione
1157 2377 1371 2406 commentario
1392 2378 1544 2415 exegetico
1565 2378 1610 2409 in-

174 2434 303 2465 structa,
333 2438 410 2466 quae
441 2428 529 2457 aunis
553 2429 755 2459 lau—18⁷?
778 2428 858 2456 foras
879 2428 971 2457 missa
993 2431 1057 2465 est;
1088 2428 1274 2466 ‘rbucydidis
1308 2439 1325 2458 e
1347 2430 1456 2459 Stahlii
1477 2431 1609 2459 editione

174 2491 253 2513 anno
277 2483 356 2512 18⁷7
378 2481 491 2518 publici
513 2481 588 2510 iuris
609 2481 695 2509 sacta.

1362 2611 1379 2646 1
