1910 2806
7 0 257 32 ιζ(;ῑ)ζζὲξλ1;,ᾉῗνὶῖῖ“·,“ῑ·
702 9 704 11 >
748 10 749 13 ¹
862 1 865 4 '
892 17 894 19 v
924 1 926 3 ’

162 175 219 204 -a'n
236 166 267 210 si
286 169 597 216 modo'pec'catum
615 170 713 205 recto
730 169 862 206 dicitur
879 188 931 196 —-—-
947 168 1128 214 Goellero,·
1145 170 1345 215 Krosgero,
1359 165 1600 205 Kuemmellio

164 232 248 280 (,De
265 280 267 283 ι
286 231 568 279 praepositionis
608 228 667 266 ἐπί
706 244 787 272 oum
825 233 969 276 oasiBus
1004 232 1216 273 coniunctae
1251 245 1319 268 usu
1354 232 1603 280 'Thucydideo‘

162 307 201 341 p.
221 295 297 341 24.)
331 299 404 333 tam
442 306 552 341 grave
577 294 696 331 visum
723 299 788 339 est,
824 299 866 331 ut
900 292 960 331 ἐπὶ
986 294 1066 331 tolli
1093 295 1270 332 iuberent.
1324 293 1503 344 Equidem
1532 295 1602 330 hoc

165 360 350 404 peccatum
377 357 437 394 vel
462 356 585 404 potius
611 357 703 393 hanc
722 357 862 392 dicendi
882 357 1087 398 libertatem
1105 357 1306 404 Thucydidi
1326 358 1600 393 condonandam

165 431 245 456 esso
280 431 408 456 censeo
447 424 484 456 et
522 419 607 467 quie
634 419 815 459 Homerus
840 423 951 468 atque
977 419 1184 455 Herodotus
1212 430 1289 455 eam
1318 420 1386 456 sibi
1414 431 1600 456 concesse-

164 485 251 518 runt
277 485 314 517 et
340 481 428 529 quia
455 492 497 517 ea
523 485 641 517 aetate
668 481 729 517 via
755 482 897 523 solutae
932 482 1089 517 orationi
1117 482 1223 517 modo
1251 483 1429 527 patefacta
1454 482 1600 518 Atticus

164 555 281 589 sermo
298 544 457 584 nondum
471 543 637 579 omnibus
648 544 807 579 numeris
819 535 1107 580 absolutus'erat.
1136 543 1242 582 Quod
1260 548 1379 580 autem
1395 544 1600 579 Kuommell

163 618 200 652 p.
222 610 282 642 24.
309 607 497 648 contendit
523 617 612 652 „per
630 605 846 643 Graecorum
873 606 979 642 nobis
1006 606 1159 644 traditas
1184 605 1324 642 litteras
1343 605 1481 642 nullum
1500 606 1598 642 aliud

163 669 371 716 exemplum
397 680 545 716 prorsus
571 668 804 717 Thucydideo
831 669 1057 715 respondens
1083 668 1200 704 adhuc
1225 669 1412 705 inventam
1439 680 1517 704 esse
1544 667 1600 717 (et

164 731 317 767 Thuol.
336 732 360 767 1.
389 729 449 766 ἐπί
475 732 604 767 mirum
631 732 669 767 in
692 732 837 767 modum
864 743 943 766 esse
961 732 1223 777 usurpatum)“,
1251 732 1321 767 hoc
1346 731 1509 767 timidius
1536 743 1598 766 an-

164 794 371 842 gustiusqae
402 794 535 830 dictum
564 806 643 830 esse
668 794 757 829 mihi
785 794 931 831 videtur
965 805 1072 842 quam
1098 794 1253 830 rectius:
1281 805 1366 830 ecce
1394 793 1486 829 Plat.
1515 793 1598 839 Rpl.

164 869 199 902 p.
219 856 307 892 474.
328 858 357 891 Ε
392 876 441 887 -ι-
478 857 540 905 qui
577 858 677 892 locus
712 857 829 892 adhuc
856 857 967 894 iacuit
994 870 1064 892 —2
1099 852 1166 891 ἑοὶν
1193 854 1253 892 ἐπὶ
1281 852 1359 905 ‘395²
1386 848 1475 906 ᾖῑ).
1529 857 1599 891 Sed

162 923 302 954 tantum
337 920 449 962 abest,
476 923 518 955 ut
533 948 535 951 ,
552 919 785 955 insolentiam
821 919 929 954 huius
961 931 1048 954 usus
1084 918 1233 962 infitier,
1269 922 1311 955 ut
1344 921 1495 966 propter
1521 930 1600 954 eam

162 980 262 1017 locos
296 981 517 1030 Thucydidis
552 985 589 1018 et
624 981 787 1018 Platonis
823 981 941 1017 notari
976 980 1100 1018 velim.
1164 982 1268 1016 Adde
1295 981 1431 1017 Herod.
1452 981 1599 1024 11168,

167 1046 235 1079 10:
264 1043 323 1079 ἐπὶ
349 1040 465 1094 ἡμέρῃ
494 1042 637 1094 ἑκάστῃ.
679 1045 733 1079 IV
756 1047 841 1088 112,
857 1048 879 1079 4
909 1044 942 1081 V
962 1047 1021 1088 53,
1043 1048 1064 1080 8
1094 1044 1171 1091 (ubi
1192 1045 1316 1081 Cobet.
1337 1045 1380 1081 V.
1403 1045 1442 1079 L.
1462 1056 1497 1090 p.
1512 1047 1598 1079 282.

164 1104 225 1141 ἐπι
252 1107 343 1142 male
370 1107 481 1143 deleri
509 1096 640 1154 voluit)
674 1107 756 1151 117,
778 1110 801 1142 4
828 1107 902 1143 vn
924 1107 1007 1151 187,
1031 1110 1089 1143 12.
1116 1107 1421 1152 Cf.Lundbe1-g.:
1447 1107 1515 1151 ,De
1541 1118 1597 1142 1ae

162 1169 261 1204 tione
290 1170 498 1206 Herodotea
536 1170 864 1216 praepositionibus
899 1170 1025 1205 utendi
1061 1181 1083 1204 a
1118 1169 1354 1215 scriptoribus
1380 1169 1515 1206 Atticis
1542 1170 1595 1217 di-

162 1234 278 1266 versa‘
303 1244 337 1277 p.
365 1234 424 1268 35.
450 1252 495 1258 —
527 1232 675 1268 Homeri
705 1232 929 1280 aliorumque
958 1235 1144 1277 poetarum
1172 1231 1339 1277 exempla
1376 1234 1597 1278 aperuerunt

165 1293 295 1330 Matth.
315 1293 376 1331 Gr.
395 1294 455 1329 Gr.
472 1295 513 1329 II
540 1293 560 1341 ᾖ
581 1296 668 1330 585.
682 1306 705 1327 α
742 1294 915 1329 Kuehner
942 1293 1002 1329 Gr.
1022 1293 1082 1331 Gr.
1103 1294 1154 1329 ΙΙ.
1174 1293 1193 1340 ἓ
1214 1297 1302 1329 438.
1328 1294 1380 1329 11.
1402 1297 1435 1330 2.
1452 1305 1489 1339 p.
1508 1296 1595 1330 434.

164 1356 329 1400 Krueger
347 1357 398 1391 ΙΙ.
418 1355 438 1403 5
455 1359 515 1392 68.
544 1359 604 1391 41.
627 1359 661 1392 8.
718 1357 761 1390 In
790 1356 961 1401 operibus
986 1356 1227 1401 posteriorum
1254 1356 1468 1401 scriptorum
1495 1357 1594 1391 hunc

163 1429 267 1452 usum
285 1419 404 1453 redire
419 1419 655 1454 ostenderunt
680 1418 999 1463 Schweighaeuser
1014 1418 1124 1454 lexic.
1146 1418 1275 1463 Polyb.
1304 1430 1341 1463 p.
1362 1420 1447 1454 242.
1476 1416 1595 1455 Krebe

162 1478 254 1523 „Die
293 1480 589 1525 Praepositionen
628 1480 686 1515 bei
725 1480 922 1527 Polybius“
957 1491 994 1525 p.
1017 1482 1077 1516 86.
1116 1480 1261 1525 Sauppe
1297 1480 1341 1514 ad
1368 1480 1513 1516 Art-ian.
1551 1481 1595 1515 de

163 1537 284 1578 venat.
302 1542 394 1578 XII.
418 1545 450 1578 1.
491 1543 651 1579 Sintenis
679 1546 717 1578 et
743 1543 907 1587 Krneger
933 1542 978 1577 ad
1004 1542 1151 1577 Arrian.
1169 1542 1210 1577 11
1230 1545 1331 1585 2654
1360 1542 1594 1577 Grundmann

162 1616 197 1650 p.
220 1604 278 1640 71.
333 1605 416 1640 Alia
442 1605 607 1651 exempla
635 1617 683 1640 ex
708 1605 789 1640 aliis
812 1604 933 1640 lexioa
958 1604 1161 1651 porrigunt.

267 1666 375 1702 Haud
402 1667 509 1702 dubio
543 1669 588 1702 ab
615 1667 673 1703 his
699 1667 726 1702 ii
752 1667 861 1712 longe
888 1666 1025 1703 distant
1049 1667 1119 1702 loci
1146 1667 1278 1714 quibus
1303 1668 1360 1703 vis
1386 1667 1595 1713 tcmporalis

160 1728 199 1763 in
227 1729 493 1765 substantivum
533 1740 553 1764 e
589 1729 858 1776 praepositione
894 1726 954 1764 ἐπί
984 1729 1147 1775 pendens
1173 1740 1239 1775 per
1264 1730 1511 1775 metaphoram
1539 1730 1594 1765 in-

160 1791 286 1835 fertur,
322 1791 423 1827 velut
451 1791 564 1827 Thuc.
585 1792 616 1826 V
638 1793 697 1835 14,
717 1795 761 1827 4:
797 1788 982 1837 ξυνέβαινε
1014 1787 1108 1838 πρός
1142 1788 1229 1834 τούς
1255 1787 1436 1839 Ἀργείους
1471 1787 1595 1834 αὐτοῖς

161 1847 225 1893 τὰς
270 1848 556 1899 τριακοντούτεις
602 1849 766 1894 σπονδιὶς
814 1849 866 1888 ἐπ’
910 1849 1025 1902 ἐξόδῳ
1067 1848 1170 1889 εἶναι.
1225 1857 1286 1898 28,
1315 1857 1358 1889 2:
1397 1849 1452 1889 ἐπ’
1480 1851 1592 1902 ἐξόδῳ

159 1909 253 1960 πρὸς
289 1909 427 1957 αὐτούςΑ
460 1913 501 1950 αἱ
529 1913 685 1950 σπονδαὶ
712 1907 814 1961 ἦσαν.
866 1916 1038 1962 Xenoph.
1078 1915 1226 1952 Hen.V
1245 1919 1281 1960 4,
1301 1921 1344 1952 4:
1380 1910 1592 1964 Ἀφροδίσια

159 1971 310 2022 ἄγουσιν
337 1973 388 2012 ἐπ’
421 1973 535 2026 ἐξόδῳ
560 1978 626 2023 τῆς
652 1973 772 2024 ἀρχῆς.
826 1977 907 2025 Cyr.
927 1979 947 2013 1
966 1981 1001 2021 3,
1027 1980 1095 2013 12:
1121 1974 1298 2019 τοσαύτας
1325 1973 1449 2019 αὐτοῖς
1477 1974 1591 2012 εὐθυ-

157 2038 241 2083 μίας
267 2041 434 2087 παρεῖχεν
460 2037 521 2075 ἐπὶ
547 2041 599 2090 τῷ
625 2039 771 2090 δείπνῳ.
818 2040 954 2077 Herod.
968 2040 1031 2076 111
1052 2042 1110 2084 14,
1130 2043 1200 2076 43:
1229 2037 1289 2075 ἐπὶ
1316 2035 1452 2086 γήραος
1479 2036 1590 2090 οὐδῷ.

261 2102 390 2147 Pergo.
443 2103 532 2139 Cum
559 2103 753 2148 scriptores
779 2102 892 2139 Attici
920 2113 993 2146 eos,
1021 2102 1083 2150 qui
1111 2102 1206 2138 circa
1231 2102 1400 2149 aliquem,
1428 2103 1505 2139 sive
1530 2115 1589 2138 co-

157 2163 263 2200 mites
290 2164 367 2201 sive
394 2164 499 2201 amici
527 2165 604 2202 sive
631 2164 798 2210 ministri,
825 2168 918 2208 sunt,
946 2163 1149 2211 significare
1177 2164 1336 2200 solerent
1362 2165 1483 2202 verbis
1502 2160 1590 2208 τούς

156 2224 239 2273 περί
265 2226 342 2262 sive
370 2221 464 2271 ἆμφί
490 2240 579 2271 τινα,
617 2228 844 2275 Thucydides
871 2227 945 2264 VII
965 2227 1025 2270 57,
1046 2230 1068 2262 6
1096 2227 1357 2263 eodem¹sensu
1384 2228 1479 2265 dixit
1504 2225 1591 2271 τούς

156 2282 233 2334 ἅμα
262 2287 435 2338 Γυλίππῳ
462 2289 497 2336 (2
525 2287 563 2323 οἱ
577 2286 642 2334 μὲν
662 2287 961 2334 Λακεδαιμονίων
979 2284 1141 2333 ἄποικοι,
1164 2285 1367 2337 Κυθήριοι,
1388 2288 1449 2326 ἐπὶ
1468 2293 1590 2327 Λακε-

157 2349 367 2397 δαιμονίους
393 2347 478 2392 rodg-
505 2347 580 2396 ’ἅμα
609 2351 783 2401 Γυλίππῳ
811 2347 899 2396 μετὰ
925 2347 1132 2397 Ἀθηναίων
1159 2347 1254 2387 ὅπλα
1283 2351 1444 2401 ἔφερον).
1499 2355 1588 2390 Cum

244 2500 274 2534 1)
296 2498 478 2534 Magnopere
499 2496 597 2525 sturz.
626 2498 712 2526 lexic.
735 2497 874 2534 Xenoph.
905 2499 965 2527 vol.
991 2499 1031 2528 11.
1057 2508 1086 2535 p.
1105 2500 1174 2529 262.
1196 2501 1326 2535 erravit,
1359 2509 1426 2528 cum
1448 2500 1587 2540 Xenoph.

154 2550 244 2581 Mem.
259 2550 290 2580 11
304 2552 334 2588 2,
350 2551 385 2580 8:
409 2546 459 2581 ἐπὶ
479 2548 525 2591 τῷ
549 2547 608 2591 βίῳ
629 2547 718 2581 παντί
740 2550 798 2581 huc
818 2550 941 2581 rettulit.
961 2583 963 2586 ,
