1910 2806
787 839 954 880 CAPUT
981 840 1032 880 Π.

615 958 684 1000 De
715 957 904 1000 deleetu
934 956 1200 1000 verborum.

296 1102 377 1138 Hoc
403 1101 520 1149 eapite
547 1113 619 1138 non
648 1101 763 1137 solum
790 1113 832 1137 eu
858 1101 970 1137 verba
996 1113 1206 1137 enumerare
1235 1101 1324 1137 mihi
1351 1101 1389 1136 in
1415 1101 1536 1137 animo
1564 1105 1631 1147 est,

202 1175 293 1213 quse
320 1164 498 1200 Herodoti
525 1167 563 1199 et
588 1163 811 1211 Thucydidis
839 1166 901 1200 aut
927 1163 1073 1211 propria
1098 1166 1162 1200 aut
1187 1163 1383 1199 familiaria
1409 1168 1504 1208 sunt,
1536 1166 1632 1211 apud

194 1229 334 1263 ceteros
368 1229 488 1262 autem
515 1226 709 1273 scriptores
736 1238 808 1262 non
836 1226 1142 1271 inveteraverunt,
1179 1226 1240 1262 sed
1269 1226 1377 1261 etiam
1406 1238 1468 1270 ea,
1501 1227 1632 1274 quibus

193 1288 252 1326 vis
278 1288 442 1325 subiecta
468 1291 523 1324 est
549 1301 570 1324 a
596 1288 738 1335 vulgari
766 1287 919 1325 diversa.
984 1288 1111 1336 Neque
1138 1288 1269 1333 igitur,
1304 1290 1384 1324 e'um
1411 1288 1450 1323 id
1475 1300 1632 1334 agamus,

193 1353 235 1387 ut
261 1352 543 1387 demonstremus
568 1350 650 1387 illos
677 1350 798 1399 aliqua
826 1349 999 1386 orationis
1025 1349 1264 1387 similitudine
1282 1350 1492 1387 coniunctos
1518 1363 1632 1400 eaque

176 1414 238 1466 'ab
266 1413 325 1450 his
350 1417 507 1450 remotos
534 1425 628 1467 esse,
664 1426 707 1450 ea
734 1425 826 1461 quae
853 1425 939 1450 essu
964 1413 1188 1461 fortuitoque
1216 1415 1261 1450 ab
1294 1413 1351 1448 his
1378 1415 1503 1450 abesse
1529 1418 1632 1460 puta-

193 1488 272 1513 mus
310 1489 429 1524 neque
465 1476 638 1513 terminos
676 1476 739 1524 qui
776 1476 944 1513 dicuntur
981 1475 1164 1512 technioos
1191 1476 1356 1524 recipere
1383 1476 1488 1512 nobis
1515 1477 1632 1512 visum

192 1542 256 1575 est.
309 1539 440 1586 Itaque
467 1538 774 1585 praetermisimus
802 1551 831 1573 e.
861 1551 891 1575 ο.
918 1538 1074 1585 primum
1101 1539 1277 1574 voeabula
1309 1538 1430 1586 qualia
1458 1542 1543 1575 suut
1562 1534 1632 1573 ἆπ-
1651 1530 1658 1536 ’

194 1596 362 1647 αράσσειν
390 1601 541 1648 (Herod.
570 1601 663 1642 VIII
691 1604 751 1645 90,
786 1603 841 1637 11.
870 1601 983 1636 Thue.
1013 1600 1086 1636 VII
1115 1604 1174 1644 63,
1208 1601 1263 1646 1),
1299 1598 1633 1649 ἐνστρατοπεδεύειν

193 1663 344 1711 (Herod.
371 1663 431 1699 IX
459 1666 493 1707 2,
523 1666 558 1699 4.
597 1667 657 1707 25,
690 1666 747 1700 10.
796 1663 911 1699 Thue.
937 1663 978 1697 II
1007 1665 1068 1710 20,
1096 1663 1136 1709 4)
1173 1659 1355 1710 πρόπειρα
1391 1664 1545 1709 (Herod.
1575 1663 1632 1699 IX

193 1729 253 1770 48,
285 1728 330 1761 10
376 1726 486 1761 Thue.
515 1726 576 1761 111
617 1728 676 1769 86,
705 1726 744 1771 4)
780 1752 968 1763 .......
1011 1728 1090 1760 tum
1125 1726 1238 1761 verba
1275 1724 1426 1762 huiusce
1464 1725 1633 1771 generis:

192 1783 325 1823 ἅπλοια
349 1788 501 1836 (Herod.
532 1789 571 1823 ΙΙ
601 1790 686 1832 119,
715 1788 735 1823 7
765 1788 878 1824 Thue.
905 1787 945 1823 H
974 1790 1035 1832 85,
1064 1791 1086 1822 6
1125 1788 1179 1824 IV
1207 1790 1243 1832 4,
1275 1791 1290 1823 l
1331 1787 1385 1824 VI
1405 1791 1465 1832 22,
1487 1792 1508 1823 2
1537 1788 1632 1825 VIII

195 1853 255 1894 99,
286 1851 336 1896 2),
364 1845 569 1899 ἆποβᾶθρα
595 1850 748 1897 (Herod.
767 1850 826 1886 IX
845 1853 906 1894 98,
936 1851 956 1885 7
985 1850 1099 1886 Thuo.
1117 1850 1172 1886 IV
1204 1853 1262 1892 12,
1295 1851 1330 1897 1)
1346 1851 1392 1896 ¹),
1420 1848 1554 1898 βραχέα
1581 1866 1634 1880 =

193 1913 287 1950 vada
314 1913 466 1963 (Herod.
484 1913 526 1948 11
556 1916 640 1958 102,
670 1914 690 1949 7
721 1913 775 1949 IV
806 1913 890 1957 179,
915 1915 951 1949 8.
974 1914 1032 1956 13,
1059 1912 1123 1948 ubi
1150 1924 1185 1948 v.
1213 1913 1426 1957 Baehrium;
1463 1913 1572 1948 Thue.
1592 1913 1633 1948 11

196 1978 255 2019 91,
285 1975 324 2022 4)
341 1975 388 2023 ²³),
416 1971 545 2017 κοντός
572 1975 725 2023 (Herod.
743 1976 784 2011 Π
808 1978 890 2020 136,
911 1979 970 2012 23.
991 1978 1037 2010 25
1066 1974 1121 2010 IV
1143 1977 1228 2018 195,
1250 1978 1295 2010 12
1322 1974 1433 2010 Thuc.
1454 1976 1495 2010 Π
1514 1979 1574 2020 84,
1595 1980 1630 2016 3,

146 2051 148 2053 ’
193 2037 239 2073 ef.
259 2037 349 2073 Poll.
369 2038 399 2074 Ι.
419 2041 480 2073 94.
500 2038 549 2074 X.
573 2037 673 2084 134),
703 2033 867 2079 σινδόνες
883 2053 936 2068 =
953 2036 1105 2073 amictus
1123 2040 1251 2072 tenues
1270 2037 1422 2084 (Herod.
1442 2038 1482 2073 ΙΙ
1501 2040 1562 2082 95,
1585 2041 1628 2073 11

193 2100 307 2137 Thus.
335 2100 377 2137 11
403 2103 464 2146 49,
495 2104 529 2146 5,
557 2101 602 2137 ef.
629 2101 758 2137 Baehr.
787 2101 833 2137 ad
859 2100 997 2136 Herod.
1025 2099 1065 2135 Π
1094 2099 1170 2147 86),
1198 2095 1364 2146 σπασμός
1399 2100 1552 2148 (Herod.
1579 2101 1633 2138 IV

200 2163 282 2199 187.
312 2162 426 2202 Thue.
454 2163 496 2199 H
526 2162 589 2210 49)
610 2190 796 2202 .......

280 2297 311 2338 1)
333 2297 369 2326 V.
392 2297 523 2335 Hesyeh.
545 2306 568 2327 s.
591 2307 621 2327 v.
643 2293 819 2338 dmosseffipa,
852 2298 1026 2327 Kuehnium
1048 2301 1079 2328 et
1098 2298 1360 2335 Jungermunnum
1383 2299 1422 2328 ad
1445 2299 1523 2328 Poll.
1546 2300 1570 2327 1.
1593 2299 1634 2328 93

195 2350 247 2389 (X.
271 2349 362 2389 134.)
405 2351 520 2387 Phr-yn.
542 2351 574 2379 in
588 2350 688 2380 Bekk.
708 2350 812 2380 anecd.
834 2351 858 2379 1.
881 2360 911 2387 p.
935 2352 993 2387 12„
1025 2351 1120 2380 schol.
1143 2351 1182 2380 nd
1203 2352 1297 2381 Thue.
1322 2353 1342 2380 1.
1359 2353 1391 2387 1.,
1425 2352 1634 2381 Hemsterhus.

195 2403 234 2431 sd
255 2403 329 2433 Luc.
362 2402 431 2432 dm.
462 2405 552 2432 mort.
581 2402 618 2431 X.
651 2403 699 2432 10.
732 2403 785 2440 (=
806 2402 878 2432 edit.
901 2403 970 2440 Bip.
993 2404 1056 2433 vol.
1079 2404 1116 2432 11.
1139 2412 1170 2441 p.
1193 2402 1288 2442 459),
1319 2403 1634 2441 Schweighaeusemm

194 2458 225 2485 et
245 2455 355 2486 Buhr.
377 2456 417 2485 ad
438 2455 550 2487 Herod.
572 2456 593 2484 1.
616 2456 647 2492 1.,
669 2455 823 2494 interpret.
847 2455 885 2485 sd
907 2456 1001 2486 Thue.
1024 2456 1044 2485 1.
1067 2457 1087 2485 1.

280 2508 312 2546 2)
334 2508 380 2537 Cf.
404 2509 494 2545 Verg.
516 2509 591 2537 Aen.
613 2509 638 2537 1.
662 2510 732 2538 111.
774 2509 912 2547 Xenoph.
936 2508 1049 2539 Oeeon.
1074 2510 1122 2538 19.
1145 2511 1174 2546 5,
1202 2509 1256 2538 ubi
1279 2508 1449 2551 βαθύτερον
1469 2513 1500 2538 et
1521 2507 1634 2551 βραχύ-

196 2568 282 2603 τερον
302 2560 381 2591 inm·
401 2570 434 2591 se
455 2563 655 2602 opponuntur.
