1910 2806
825 84 1086 129 ..54-

233 193 373 232 Eodem
400 196 541 238 mendo,
581 194 676 242 quod
706 204 813 241 quam
840 193 948 229 facile
975 194 1136 240 irrepere
1172 193 1334 240 potuerit
1359 193 1473 230 Stahl.
1499 192 1539 229 in
1566 192 1677 229 adno-

233 259 373 295 tatione
400 258 525 294 critica
552 257 596 292 ad
615 256 726 292 Thuo.
744 257 765 291 I
787 259 819 299 8,
845 259 860 291 1
884 256 1053 300 ostendit,
1082 257 1193 292 Isoor.
1212 256 1322 292 XIX.
1342 258 1390 291 24
1418 255 1501 291 libri
1521 255 1678 292 deterio-

234 331 293 356 res
319 320 456 356 foedati
484 322 579 355 sunt.

339 394 398 428 Ad
425 396 628 428 extremum
657 388 877 438 ἄρέσκεσθαί
904 403 972 426 τινι
1001 391 1195 435 „delectari
1222 391 1346 439 aliqua
1372 403 1422 435 re,
1450 392 1677 439 (contentum

235 468 313 492 esse
349 456 472 505 alique.
504 455 584 502 re)“
620 465 668 490 ex
706 454 893 491 Herodoto
930 459 967 490 et
1001 453 1211 502 Thucydide
1247 454 1446 491 notandum
1484 466 1562 490 esse
1589 452 1678 489 mihi

234 519 381 554 videtur
394 519 440 565 1),
479 518 550 554 nisi
589 518 685 553 forte
724 529 744 553 e
781 517 910 553 ceteris
948 517 1187 562 scriptoribus
1223 517 1356 554 Atticis
1390 517 1462 552 alia
1496 517 1679 553 ministras

235 581 404 627 exempla
421 584 530 628 atque
548 580 639 615 illud
651 580 823 616 Ps.-Plat.
837 580 970 625 Theag.
992 591 1026 625 p.
1050 581 1129 615 127.
1151 580 1200 615 B:
1227 577 1261 614 εἰ
1284 572 1391 621 οὗτος
1416 574 1606 625 ἀρέσκοιτο
1634 579 1679 628 τῇ

235 644 282 692 σῇ
310 642 487 692 συνουσία
503 642 549 689 ²).
605 642 702 678 Loco
738 643 816 677 eius
845 638 1011 686 ἀρέσκειν
1038 640 1126 684 τινί,
1162 637 1244 676 τινά
1271 643 1366 687 apud
1395 654 1456 677 eos
1482 642 1679 677 invaluisse

236 705 425 751 opinor-³).
466 704 586 750 Igitur
613 707 700 740 nota
727 704 866 739 Herod.
888 704 950 739 III
971 706 1032 747 34,
1055 705 1123 739 19:
1156 703 1316 748 Κροῖσος
1343 698 1410 739 οὐκ
1438 698 1679 750 ἀρεσκόμενος

237 767 281 816 τῇ
310 766 424 814 κρίσει
453 762 541 802 εἷπε.
582 766 636 802 IV
658 767 717 809 78,
743 769 805 801 13:
834 764 955 815 διαίτῃ
984 762 1157 810 οὐδαμῶς
1183 762 1358 811 ἠρέσκετο
1388 766 1572 815 Σκυθικῇ.
1604 765 1679 802 VII

240 832 324 874 160,
347 832 414 865 14:
440 824 601 864 τούτοισι
629 822 742 874 ὑμέας
768 822 874 874 χρεόν
892 825 966 863 ἐστι
985 822 1207 875 ἀρέσκεσθαι
1226 829 1292 877 (Βε
1315 823 1523 876 ἀρκέεσθαι,
1541 829 1584 864 de
1605 840 1678 876 quo

236 904 271 928 v.
301 891 507 938 Valcken.).
548 892 608 926 IX
627 894 689 936 66,
710 894 751 928 5:
780 889 926 937 ἐποίησε
962 886 1075 933 αὐτὸς
1110 887 1232 927 τοιάδε
1268 886 1318 933 αἶς
1345 887 1413 927 οὐκ
1440 874 1681 938 ἔρεσκόμενος

237 956 331 990 τοῖσι
359 950 546 1002 πρήγμασι
574 955 667 990 τοῖσι
695 951 734 989 ἐκ
763 952 985 999 Μαρδονίου
1013 952 1274 1000 ποιουμένοισι.
1312 955 1366 991 Cf.
1386 958 1448 998 66,
1469 958 1504 991 2.
1532 955 1644 990 Thac.
1660 954 1681 989 I

241 1019 326 1061 129,
348 1020 391 1052 3:
419 1017 495 1058 τοῖς
521 1013 642 1064 λόγοις
669 1018 746 1058 τοῖς
772 1011 848 1051 dno*
876 1016 943 1051 σοῢ
971 1010 1182 1063 ἆρέσκομαι.
1218 1018 1258 1052 II
1278 1019 1341 1061 68,
1361 1020 1403 1052 3:
1433 1011 1500 1051 οὐκ
1528 1012 1681 1063 ἀρεσκό-

238 1090 346 1123 μενος
380 1079 424 1127 τῇ
452 1076 491 1113 ἓν
508 1073 634 1125 ’Ἀργει
660 1074 874 1112 καταστάσει
896 1074 1116 1123 Ἀμφίλοχος
1135 1104 1141 1111 .
1164 1104 1171 1112 .
1195 1104 1204 1113 .
1243 1078 1336 1112 VIII
1357 1081 1416 1122 84,
1438 1080 1480 1113 5:
1509 1072 1531 1113 ό
1558 1075 1681 1123 μέντοι

240 1139 360 1186 Λίχας
386 1134 472 1175 οὔτε
497 1136 670 1187 ἠρέσκετο
699 1134 824 1182 αὐτοῖς
843 1168 852 1176 .
874 1167 881 1175 .
904 1168 911 1175 .

239 1204 324 1239 Huc
363 1203 550 1249 pertinent
589 1203 697 1239 etiam
727 1202 840 1239 Thuc.
862 1204 881 1238 I
902 1206 962 1247 35,
983 1206 1026 1238 2:
1059 1201 1196 1250 εἴρηται
1234 1201 1272 1239 ἐν
1298 1200 1427 1245 αὐταῖς
1453 1205 1545 1249 (ταῖς
1572 1213 1682 1239 σπον-

240 1265 337 1313 δαῖς)
374 1265 448 1299 τῶν
478 1259 691 1311 Ἑλληνίδων
724 1261 865 1300 πόλεων
900 1261 981 1311 ἥτις
1018 1264 1189 1311 μηδαμοῦ
1225 1265 1409 1312 ξυμμαχεῖ,
1440 1264 1569 1309 ἐξεῖναι
1596 1261 1680 1312 παρ’

240 1322 440 1374 ὁποτέρους
466 1322 512 1362 ἂν
539 1323 735 1374 ἀρέσκηται
765 1325 885 1363 ἐλθεῖν
900 1327 948 1375 ⁴).
992 1328 1022 1361 V
1043 1332 1079 1373 4,
1098 1332 1139 1364 4:
1168 1324 1234 1374 τήν
1261 1325 1366 1365 πόλιν
1393 1326 1600 1371 ἐκλιπόντες
1617 1328 1679 1365 καὶ

239 1386 489 1438 ἐρημώσαντες
522 1388 766 1437 Συρακούσας
800 1388 861 1426 ἐπὶ
896 1390 1055 1439 πολιτείᾳ
1095 1386 1250 1438 ᾤκησαν.
1298 1389 1359 1426 καὶ
1397 1387 1546 1438 ὕστερον
1573 1388 1681 1427 πάλιν

238 1448 362 1488 αὐτῶν
388 1464 482 1494 τινες
509 1448 570 1488 δια
599 1448 639 1488 τό
668 1448 718 1499 μὴ
747 1448 968 1500 ἀρέσκεσθαι
995 1448 1237 1495 ἀπολιπόντες
1265 1451 1305 1489 ἐκ
1332 1454 1403 1490 τῶν
1430 1455 1682 1501 Συρακουσῶν

240 1515 413 1557 Φωκαίας
440 1510 790 1563 καταλαμβάνουσιν.
844 1517 905 1560 37,
925 1518 969 1551 4:
997 1511 1216 1561 ἀφικόμενοι
1249 1513 1288 1551 δὲ
1315 1514 1354 1552 οἱ
1377 1514 1533 1552 ’,Βοιωτοὶ
1564 1513 1681 1564 ἀπήγ-

237 1579 357 1625 γειλαν
384 1580 463 1619 τοῖς
491 1574 735 1624 βοιωτάρχαις
760 1574 806 1613 τοί
834 1589 871 1612 τε
898 1576 938 1613 ἐκ
966 1579 1030 1623 τῆς
1048 1577 1328 1623 Λακεδαίμονος
1355 1576 1416 1613 καὶ
1444 1574 1489 1614 to?
1518 1574 1591 1614 a’nd
1611 1580 1684 1614 τῶν

238 1637 509 1688 ξυγγενομένων
535 1634 732 1687 Ἀργείων
773 1637 836 1675 καὶ
872 1638 910 1675 οἱ
938 1635 1159 1686 βοιωτάρχαι
1185 1637 1385 1687 ἠρέσκοντό
1412 1653 1449 1676 τε
1474 1638 1535 1676 καὶ
1564 1642 1682 1690 πολλῷ

239 1698 519 1749 προθυμότεροι
557 1694 662 1747 ἦσαν.
734 1702 875 1741 Quibus
912 1702 1003 1738 locis
1039 1713 1086 1737 ex
1119 1704 1417 1739 antecedentibus
1455 1704 1561 1740 facile
1600 1705 1681 1739 sub-

237 1765 383 1801 auditur
420 1767 458 1800 et
489 1764 611 1811 priore
649 1764 797 1812 quidem
836 1765 886 1813 τῷ
916 1760 1159 1810 Συρακούσας
1196 1763 1311 1800 οἰκεῖν
1338 1765 1450 1802 altero
1479 1767 1555 1807 τοῖς
1582 1778 1617 1800 τε
1643 1764 1681 1801 έκ

236 1828 300 1872 τῆς
319 1825 600 1871 Λακεδαίμονος
626 1823 685 1861 καὶ
715 1828 791 1867 τοῖς
818 1822 893 1861 ἀπὸ
922 1827 993 1861 τῶν
1011 1824 1280 1874 ξυγγενομένων
1295 1823 1470 1875 ’Λργείων
1489 1822 1681 1875 (α’πηγγελ-

239 1886 389 1936 μένοις).

257 1961 259 1963 “
342 1954 373 1988 Ε
390 1952 629 1998 scriptoriqus
648 1953 862 1988 recentioris
880 1954 1010 1989 aetatis
1028 1954 1197 1999 exempla
1214 1954 1448 1999 suppeditant
1465 1954 1682 1990 Valckenar.

236 2017 281 2051 ad
308 2015 444 2051 Herod.
465 2015 537 2051 VII
561 2017 651 2057 160,
690 2015 808 2051 Sturz.
847 2015 885 2049 in
912 2015 1031 2051 indice
1060 2016 1156 2051 Cass.
1185 2015 1229 2051 D.
1259 2016 1464 2060 graecitatis
1492 2019 1529 2052 et
1554 2016 1592 2051 in
1619 2016 1682 2051 ad-

237 2078 428 2114 notatione
455 2078 500 2112 ad
528 2077 626 2112 Cass.
646 2078 690 2113 D.
711 2077 902 2113 XXXVII
924 2080 983 2123 51,
1003 2081 1025 2111 2
1055 2078 1142 2122 (vol.
1160 2078 1202 2113 V.
1223 2090 1256 2123 p.
1280 2078 1394 2121 163.).

321 2229 352 2271 1)
375 2231 413 2258 V.
436 2230 583 2266 Krusgsr.
616 2231 656 2259 sd
678 2230 773 2259 Thuc.
793 2230 821 2257 V
842 2232 861 2258 4
893 2231 1003 2276 Helrod.
1020 2232 1064 2260 IV
1081 2232 1119 2259 78
1149 2231 1331 2260 Valckensr.
1354 2231 1393 2260 ad
1414 2232 1527 2260 Herod.
1545 2231 1605 2260 vu
1623 2232 1682 2260 160

235 2283 342 2312 Matth.
366 2281 420 2311 Gr.
438 2281 491 2311 Gr.
508 2283 547 2311 11.
562 2283 580 2319 ξ
597 2284 669 2312 411.
687 2284 717 2312 5.
734 2283 762 2311 2.

320 2344 353 2384 2)
374 2345 423 2374 Ab
453 2345 510 2373 hoc
540 2345 641 2374 differt
670 2345 760 2383 Soph.
784 2345 887 2382 Antig.
912 2345 989 2375 500:
1012 2344 1074 2376 τῶν
1098 2345 1161 2376 σῶν
1184 2341 1282 2385 λόγων
1300 2344 1315 2387 ΙΙ
1340 2341 1472 2384 ἀρεστὸν
1494 2341 1583 2377 οὐδὲν
1607 2340 1683 2385 μηδ’

235 2394 388 2437 οἷρεσὸείη
410 2395 495 2434 ποτέ,
530 2406 589 2433 quo
622 2398 689 2426 loco
719 2397 867 2426 librorum
898 2398 1073 2427 memoriam
1106 2393 1259 2437 ‹ipse-321⁷]
1293 2399 1371 2428 bene
1401 2398 1554 2428 defensam
1577 2407 1644 2427 esse
1665 2406 1684 2426 s

235 2447 360 2478 Wolffio
381 2459 499 2478 censeo.
544 2449 591 2478 cf.
615 2450 705 2478 etiam
726 2449 817 2478 Neuii
839 2450 1072 2484 adnotationem.

323 2512 355 2548 3)
378 2512 416 2539 V.
438 2512 591 2540 Kuehner.
617 2510 670 2539 Gr.
687 2510 741 2539 Gr.
755 2512 795 2540 11.
816 2512 835 2550 ξ
849 2512 921 2542 409.
940 2514 967 2541 1.
985 2512 1053 2541 adn.
1072 2513 1100 2541 1.
1116 2521 1144 2550 p.
1164 2514 1232 2542 252.
1255 2513 1403 2551 Krueger.
1426 2512 1465 2541 ad
1488 2511 1583 2541 Thuc.
1598 2510 1634 2539 V.
1652 2512 1681 2542 4.

319 2575 352 2613 4)
379 2574 413 2602 V.
439 2573 576 2603 Classen.
599 2574 638 2602 sd
661 2574 726 2604 h.1.
