1910 2806
764 3 831 76 ,ζ
860 38 918 89 ,ει
971 64 1022 79 Α

176 165 253 190 ναν
294 142 318 189 δ
343 147 393 189 δὲ
419 146 466 189 τοί
489 124 529 188 τε
555 149 707 201 δένδρεα
740 139 805 190 παὶ
841 149 905 189 τόν
938 149 1172 202 καρπόντόν
1199 152 1237 191 ἓν
1263 155 1307 205 τῇ
1335 155 1382 205 γῇ
1410 148 1507 196 ὅκως
1534 147 1610 190 δια-

176 215 341 263 φθείρειε
379 210 615 258 ἇπελλάσσετο
635 242 643 251 .
664 243 672 252 .
695 243 730 268 ·.
759 216 843 252 Alia
890 216 930 253 id
977 228 1097 263 genus
1133 218 1299 266 exempla
1348 219 1515 262 Krueger
1566 218 1612 252 ad

177 278 313 314 Herod.
340 278 365 314 l.
390 278 413 313 1.
451 280 488 313 et
524 278 669 314 Bekker
711 278 971 323 „Homerische
1010 279 1170 316 Bliitter“
1200 281 1233 316 1.
1269 292 1304 326 p.
1335 282 1394 316 81.
1423 290 1613 325 congesse-

117 365 125 371 -
176 345 271 378 runt.

175 404 246 439 Sed
272 403 453 449 discrepat
489 403 521 438 si
548 415 621 440 non
649 404 910 451 Xenophontis
936 404 1036 441 locus
1063 407 1101 441 at
1126 407 1223 441 certe
1249 405 1491 452 Thucydidis3
1528 416 1610 440 nam

177 478 257 502 cum
289 465 440 503 Homeri
478 465 727 514 Herodotique
766 467 930 514 exempla
969 467 1059 503 talia
1092 467 1185 512 sint,
1226 470 1268 503 ut
1306 467 1448 513 integer
1483 478 1609 503 sensus

177 529 296 574 planis
324 529 445 565 verbis
473 532 687 575 exponatur,
713 529 753 565 in
773 529 1007 577 Thucydideo
1034 530 1161 566 lacuna
1188 530 1266 566 hiat
1288 529 1507 575 cogitatione
1534 529 1611 564 fere

180 591 232 626 sic
260 592 459 638 explenda:
485 588 548 627 καὶ
575 589 614 626 οἷ
637 588 701 638 μὲν
729 589 950 639 ἐψηφίζοντο
964 591 1013 639 1).

693 733 718 787 ἓ
745 734 787 775 3.
840 735 904 776 De
930 735 1093 776 verus.

613 821 676 856 De
706 832 878 866 genere
904 820 1172 857 verberum.

281 893 430 928 Constat
457 893 598 928 Atticos
635 894 763 941 πειρᾶν
803 896 842 930 et
877 894 1074 940 πειρᾶσθαι
1101 893 1154 929 ita
1180 892 1408 937 discrevisse,
1435 895 1478 928 ut
1503 904 1612 928 sensu

177 955 371 990 tentandae
398 954 597 1001 pudicitiae
622 956 800 1000 activum,
837 967 945 991 sensu
972 955 1125 991 conandi
1153 954 1386 1001 periclitandi
1412 954 1613 1000 pericnlum

176 1017 333 1052 faciendi
360 1017 517 1052 medium
544 1021 723 1063 ponerent
736 1017 782 1064 ²).
836 1018 915 1059 Hoc
942 1017 1136 1054 discrimen
1164 1029 1238 1053 non
1265 1017 1380 1053 solum
1405 1017 1613 1053 Herodotus

176 1080 239 1113 sed
266 1079 375 1114 etiam
401 1079 630 1125 Thucydides
657 1080 826 1123 violavit,
863 1092 944 1115 cum
978 1080 1042 1114 ille
1069 1080 1124 1116 VI
1143 1082 1203 1123 84,
1228 1083 1249 1113 9
1277 1078 1446 1124 scripsit:
1482 1078 1613 1123 πειρᾶν

177 1140 214 1183 ἐς
250 1136 317 1188 τὴν
345 1136 521 1188 Μηδικὴν
556 1137 734 1188 ἐςβᾶλλειν
748 1142 803 1189 3),
831 1142 893 1179 hic
910 1143 931 1179 Ι
950 1145 1010 1187 50,
1030 1145 1073 1178 4:
1110 1137 1160 1187 μή
1197 1141 1369 1189 πειρῶσιν
1396 1136 1611 1187 ἀποβαίνειν

168 1205 216 1252 ιΙΙ
238 1205 298 1248 77,
319 1207 362 1239 2:
389 1202 478 1249 πυρὶ
507 1202 629 1246 ἔδοξεν
655 1201 782 1246 αὐτοῖς
809 1205 979 1252 πειρᾶσαι
1006 1203 1191 1248 ἐπιφλέξαι
1217 1199 1284 1249 τήν
1302 1203 1406 1239 πολίν
1432 1204 1486 1240 IV
1507 1207 1541 1247 9,
1562 1207 1610 1238 2:

124 1305 131 1312 ..
178 1258 206 1316 ᾗ
233 1262 385 1312 μάλιστα
413 1264 573 1308 ἐκείνους
607 1265 838 1313 προσεδέχετο
867 1262 1050 1312 πειράσειν
1077 1262 1290 1312 ἀποβαίνειν
1345 1269 1426 1311 102,
1447 1270 1487 1302 2:
1515 1263 1610 1302 ἐπεί-

177 1338 263 1373 ρασε
291 1327 492 1377 κατοικίσαι
527 1332 609 1373 128,
633 1332 649 1364 1
666 1343 674 1364 :
701 1331 855 1374 προεῖπε
875 1330 1043 1376 πειρᾶσαι
1064 1327 1259 1375 ἐκκροῦσαι
1278 1324 1364 1370 τούς
1382 1324 1607 1375 βαρβάρους.

176 1390 250 1426 VII
279 1393 339 1435 32,
365 1393 393 1425 l.
458 1392 570 1426 Porro
597 1391 755 1427 Homero
793 1395 991 1437 praeeunte
1019 1389 1102 1437 (68
1129 1391 1232 1436 T30)
1260 1390 1457 1437 Sophocles
1483 1390 1612 1437 πειρᾶν

174 1452 330 1488 admisit.
384 1452 555 1488 Eiusdem
582 1453 620 1488 in
649 1453 766 1498 legem
793 1453 893 1488 illam
921 1448 1125 1494 Atticcrum
1162 1452 1302 1499 peccati
1329 1452 1612 1498 Xenophontem

174 1515 319 1560 Sauppe
362 1514 452 1550 falso
500 1514 727 1551 insimulavit
775 1516 864 1552 haec
911 1516 956 1550 ad
984 1516 1089 1551 Mem.
1118 1516 1139 1550 Ι
1167 1518 1202 1559 2,
1222 1518 1270 1550 29
1304 1513 1457 1562 Κριτίαν
1478 1512 1611 1549 αἰσθα-

173 1571 325 1620 νόμενος
371 1573 509 1623 ἐρῶντα
556 1571 791 1622 Εὐθυδήμου
835 1574 898 1611 καὶ
941 1576 1121 1623 πειρῶντα
1165 1577 1323 1623 χρῆσθαι
1364 1571 1535 1623 καθάπερ
1573 1574 1612 1611 οἷ

175 1634 268 1685 πρός
303 1633 518 1684 τάφροδίσια
559 1639 630 1673 τῶν
677 1635 855 1688 σωμάτων
904 1633 1148 1680 ἀπολαύοντες
1189 1633 1367 1686 ἀπέτρεπε
1409 1639 1607 1675 adnotans:

174 1700 338 1747 ,,πειρᾶν,
376 1700 472 1747 quod
502 1700 579 1735 fere
614 1700 746 1736 dicitur
774 1688 826 1736 'de
863 1701 1036 1737 tentanda
1070 1700 1264 1745 pudicitia,
1313 1700 1373 1735 hic
1411 1701 1608 1736 secundum

175 1763 399 1810 Thucydidis
435 1763 640 1809 exemplum
676 1763 711 1810 (Ι
739 1764 804 1809 50)
851 1763 1005 1804 conandi
1051 1762 1314 1808 significatione
1358 1762 1496 1799 dictum
1541 1765 1607 1807 est,

174 1838 246 1872 qua
288 1825 361 1860 dici
403 1826 496 1861 solet
539 1825 729 1862 medium“.
783 1825 873 1861 Nam
911 1825 1094 1873 ,quoniam
1130 1825 1311 1871 Xenopho
1347 1825 1392 1860 de
1428 1836 1468 1860 re
1505 1836 1603 1860 ama-

173 1888 266 1923 toria
294 1887 455 1932 exponit,
483 1898 603 1921 nonne
631 1887 709 1922 veri
735 1891 791 1922 est
818 1887 1040 1922 simillimum
1064 1887 1195 1933 πειρᾶν
1213 1887 1336 1923 valere
1362 1890 1514 1930 ,tentare
1541 1898 1609 1931 pu-

174 1948 370 1986 dicitiam‘?
407 1948 534 1995 Quare·
553 1952 616 1986 aut
641 1949 800 1997 χρῆσθαι
825 1952 867 1986 ut
893 1948 1255 1996 interpretamentum
1276 1948 1357 1985 dele
1374 1960 1454 1984 cum
1473 1947 1610 1985 Borne-

174 2023 305 2047 manno
334 2015 397 2047 aut
415 2032 464 2037 -
498 2012 536 2046 id
564 2013 660 2058 quod
685 2012 852 2058 equidem
880 2012 1012 2054 malim,
1041 2012 1137 2058 quod
1163 2011 1214 2046 ita
1242 2011 1468 2045 enuntiatum
1496 2023 1518 2045 a
1543 2023 1608 2045 κα-

174 2069 296 2121 θάπερ
333 2073 513 2119 incipiens
549 2074 594 2109 ad
639 2073 888 2109 antecedentia
927 2072 1046 2120 aptius
1085 2084 1124 2108 se
1171 2071 1326 2108 acclinat
1368 2091 1419 2098 —
1464 2071 1610 2119 explica

174 2136 353 2181 πειρῶντα
380 2130 494 2169 αὐτόν
521 2131 610 2169 ὅστε
637 2136 804 2181 χρῆσθαι.

259 2271 290 2303 1)
312 2269 422 2297 Procul
452 2268 542 2296 dnbio
571 2269 629 2297 huc
665 2269 741 2297 nihil
771 2269 921 2305 pertinent
951 2268 973 2296 ii
1004 2268 1189 2305 Thucydidis
1223 2269 1282 2297 loci
1314 2269 1341 2308 (Ι
1375 2270 1425 2304 37,
1458 2270 1476 2297 5
1513 2269 1544 2297 11
1566 2270 1608 2298 46

174 2322 203 2349 11
225 2321 274 2356 65,
297 2321 315 2349 6
352 2320 399 2348 111
420 2320 470 2355 98,
496 2319 526 2358 1)
558 2320 666 2356 quibus
698 2320 846 2356 particula
877 2317 914 2360 δέ
946 2319 978 2347 ἰιι
1001 2319 1126 2355 apodosi
1147 2323 1310 2356 comparet.
1363 2320 1429 2348 Hoc
1450 2323 1550 2349 autem
1573 2318 1610 2350 δέ

174 2369 354 2405 &mosot-cdv
384 2373 446 2401 fere
472 2380 575 2401 omnes
597 2373 758 2409 scriptores
778 2372 896 2401 Atticos
918 2380 974 2400 usu
996 2371 1145 2408 recepisse
1166 2381 1234 2402 cum
1257 2373 1309 2401 alii
1334 2375 1397 2401 tum
1419 2371 1609 2409 Frohbsrger

173 2426 204 2453 in
226 2424 393 2462 appendice
413 2425 451 2452 ad
472 2424 545 2460 Lys.
568 2424 651 2452 XIV.
675 2426 724 2452 21.
746 2424 973 2452 demonstravit.

257 2474 289 2517 2)
312 2477 349 2505 V.
372 2475 537 2504 Mshlhorn.
561 2476 598 2504 N.
620 2475 728 2504 Jahrb.
752 2475 772 2503 f.
795 2475 946 2511 Philolog.
968 2484 996 2504 u.
1019 2475 1150 2512 Psedag.
1166 2477 1181 2504 Ι
1205 2474 1313 2516 (1831)
1335 2485 1364 2512 p.
1380 2477 1430 2505 40.
1455 2486 1484 2505 n.
1502 2477 1550 2505 82.

258 2528 290 2573 3)
311 2528 340 2558 V
355 2528 394 2558 85
409 2537 438 2558 v.
455 2528 484 2559 ὅ.
505 2527 711 2557 emendations
732 2530 808 2565 eget.

1361 2579 1409 2623 4*
