1910 2806
217 183 265 225 In
302 183 492 225 Herodoto
528 191 652 225 eutem
691 183 868 234 ἰσοπαλής
894 190 953 224 est
978 188 1001 223 Ι
1020 191 1173 233 8218:
1211 185 1427 236 μαχομένων
1462 181 1505 225 δέ
1535 195 1662 234 σφων

219 248 283 286 καὶ
311 247 512 298 γινομένων
538 247 751 294 ἰσοπαλέων.
805 251 838 287 V
858 253 918 294 49,
940 253 1001 294 44,
1027 250 1068 286 in
1095 250 1311 299 Thucydide
1336 252 1378 287 11
1396 253 1459 296 39,
1490 245 1662 297 histrio

220 310 261 349 δὲ
287 309 486 359 ανειμένως
512 307 747 359 διαιταίμενοι
774 307 882 349 ουδὲν
909 303 1026 358 ἧσσον
1052 310 1113 348 ἐπι
1140 309 1227 356 τούς
1256 311 1438 356 ἰσοπαλεῖς
1463 308 1662 355 κινδύνους

218 377 415 423 χωροῧμεν.
442 377 496 413 IV
525 378 650 420 94,1.
1035 387 1037 390 ·

219 438 272 473 Of.
291 437 453 484 Appisn.
477 437 558 484 Syr.
583 440 621 474 5.
647 438 734 474 bell.
763 437 835 474 civ.
854 437 931 473 111.
946 437 1008 473 37.
1049 437 1148 474 Cass.
1175 438 1222 474 D.
1240 438 1309 474 XL
1330 439 1391 483 27,
1423 438 1507 474 11).
1525 437 1661 473 XLIII

219 502 282 547 38,
302 502 325 535 2
352 499 501 536 XLVII
520 501 582 544 45,
603 502 626 535 2
654 500 684 535 Ι,
708 501 767 543 18,
788 501 820 534 5.

324 557 453 609 Λογάς
479 574 507 597 s.
536 561 661 607 potius
688 556 893 608 λογάδες
920 561 1087 597 obfertur
1113 561 1153 597 in
1180 561 1294 598 Thuc.
1323 563 1344 597 Ι
1371 565 1432 606 62,
1453 565 1497 598 6:
1527 562 1660 609 Κοριν-

218 623 314 659 θίων
349 634 387 658 τε
422 622 485 658 καὶ
520 623 594 658 τῶν
632 617 749 659 ἄλλων
783 619 945 670 λογάδες.
1001 623 1131 673 1125,
1160 626 1194 660 3.
1234 624 1288 659 IV
1308 626 1404 668 -125,
1431 621 1469 662 3.
1512 624 1595 666 127,
1626 627 1660 660 2.

222 688 308 733 129,
337 689 371 721 4.
411 686 445 722 V
475 688 536 729 60,
555 684 591 722 3.
635 685 695 730 67,
717 688 750 721 2.
794 685 855 730 72,
877 689 909 720 3.
953 685 1014 729 73,
1035 689 1070 721 3.
1111 685 1167 721 VI
1190 688 1251 729 96,
1272 689 1305 722 3.
1352 689 1435 730 100,
1459 689 1488 722 1.
1523 688 1605 730 101,
1625 688 1660 728 4,

216 747 255 783 in
284 748 421 785 Herod.
449 748 470 782 1
500 749 559 791 82,
593 747 659 782 17:
685 743 834 795 λογάδες
862 743 902 781 δὲ
929 744 1109 794 ἑκατέρων
1136 741 1424 791 ὑπολειφθέντες
1450 745 1659 792 συνέβαλον.

216 810 270 846 VI
302 813 360 853 15,
391 812 425 845 5.
467 812 527 853 56,
557 809 591 845 7.
634 809 692 844 ΙΧ
724 812 782 854 11,
812 813 874 847 20.
939 809 1118 858 Reliquos
1145 810 1243 846 locos
1270 809 1595 856 Schweighaeuser
1619 809 1659 845 in

215 872 336 908 lexico
364 872 575 908 Herodoteo
604 871 763 917 collegit.
793 892 843 897 —
871 873 1069 908 Poetarum
1104 884 1233 916 nemo,
1270 876 1448 920 quantum
1484 872 1579 916 scio,
1617 884 1659 907 eo

217 935 401 971 vocabulo
427 946 516 970 usus
542 936 600 970 est
625 933 700 970 nisi
727 934 894 982 Euripid.
924 934 1037 971 Andr.
1059 937 1144 970 324.
1174 934 1264 971 Hec.
1288 936 1386 979 544„
1413 934 1660 971 recentiorum

219 996 444 1043 scriptorum
471 996 659 1043 permulti.
713 996 810 1032 Loco
846 996 925 1032 eius
962 994 1142 1037 ἐπίλεκτος
1177 995 1338 1032 invaluit
1364 997 1461 1043 apud
1488 996 1659 1042 Xenoph.

219 1060 338 1094 Anah.
366 1058 431 1093 111
458 1060 493 1101 4,
522 1061 570 1093 43
612 1057 684 1092 vn
711 1060 746 1100 4,
769 1060 812 1092 11
857 1058 1005 1093 Hellen.
1025 1058 1059 1092 V
1078 1060 1113 1102 s,
1134 1060 1181 1092 23
1220 1057 1297 1093 Vn
1318 1060 1350 1101 1,
1375 1060 1433 1093 19.
1463 1061 1497 1101 2,
1520 1060 1578 1099 10,
1601 1060 1659 1093 12.

217 1120 393 1157 Aeschin.
432 1121 484 1156 ΙΙ.
522 1122 607 1155 169.
669 1119 789 1156 Semel
827 1119 1061 1168 Thucydides
1098 1115 1248 1167 λογάδες
1285 1123 1323 1156 et
1359 1117 1515 1155 ἐκλεκτοί
1548 1121 1662 1156 verbe

218 1182 430 1226 alternavit,
457 1183 513 1218 VI
543 1185 628 1226 100,
662 1185 701 1217 1:
741 1181 974 1229 τριακοσίους
1009 1182 1114 1226 σφῶν
1153 1178 1278 1216 aduste
1315 1177 1473 1229 λογάδας
1499 1180 1561 1216 καὶ
1589 1183 1660 1217 τῶν

218 1245 341 1289 ψιλῶν
368 1257 468 1287 τινας
495 1239 685 1286 ἕκλεκτοῦς
713 1239 964 1289 οἷπλισμένους
990 1239 1199 1293 προύταξαν
1225 1245 1308 1279 θεῖν
1335 1240 1473 1293 δρόμῳ.

216 1308 290 1343 Hic
339 1320 414 1343 non
461 1307 656 1353 indignum
707 1306 857 1344 videtur
905 1318 1187 1343 commemorare
1236 1306 1348 1343 etim
1392 1301 1551 1354 λογάδην
1595 1307 1657 1342 ad-

217 1369 409 1413 verbium,
445 1369 544 1417 quod
580 1368 814 1416 Thucydides
842 1369 896 1405 IV
935 1372 971 1412 4,
999 1372 1033 1405 2.
1078 1371 1140 1412 31,
1170 1372 1191 1403 2
1232 1369 1287 1404 VI
1314 1371 1373 1412 66,
1404 1371 1425 1403 2
1464 1369 1598 1413 hebet,
1637 1381 1658 1404 a

216 1431 370 1478 reliquis
398 1431 535 1466 Atticis
563 1430 744 1467 abiectum
765 1443 854 1467 esse.
897 1430 951 1466 cf.
971 1431 1093 1467 Suid.:
1120 1426 1278 1477 λογάδην
1292 1443 1300 1452 ·
1330 1427 1532 1472 ἐπιλέκτους.
1565 1429 1659 1466 Θου-

216 1491 371 1539 κυδίδης
398 1489 440 1528 δ’.

322 1551 649 1600 Μνημόσυνος
681 1555 804 1591 sedem
840 1557 1015 1592 nanctum
1053 1557 1109 1591 est
1144 1554 1184 1590 in
1211 1554 1402 1602 Aristoph.
1432 1555 1542 1602 Vesp.
1571 1557 1657 1591 538.

219 1621 307 1654 560.
347 1617 513 1664 Thucyd.
542 1617 576 1653 V
606 1619 665 1661 11,
697 1620 739 1653 1:
767 1612 1009 1661 ἀφανίσαντες
1036 1614 1072 1651 εἴ
1094 1629 1127 1651 τι
1154 1612 1390 1662 μνημόσυνόν
1417 1629 1491 1652 που
1518 1614 1659 1662 ἔμελλεν

216 1676 334 1717 αὐτοῦ
352 1679 416 1727 τῆς
435 1677 600 1722 οἰκίσεως
617 1676 861 1727 περιέσεσθαι.
914 1678 1091 1728 Hippocr.
1110 1678 1284 1728 praedict.
1301 1678 1368 1716 lib.
1388 1680 1439 1717 11.
1458 1679 1531 1717 vol.
1549 1679 1657 1715 XXI.

214 1756 250 1790 p.
271 1746 357 1778 215.
374 1743 471 1778 med.
492 1742 646 1778 Aristot.
667 1745 769 1778 838·
789 1745 851 1778 32.
905 1743 983 1778 Hos
1011 1743 1263 1790 exemplorum
1291 1743 1396 1789 copie
1412 1743 1522 1788 longe
1541 1742 1659 1778 anteit

215 1805 439 1848 Herodotus,
477 1803 540 1854 qui
569 1806 718 1852 praeter
744 1816 798 1849 ea,
826 1815 921 1853 quse
948 1803 1278 1850 Schweighaeuser
1304 1804 1527 1852 suppeditet,
1564 1805 1656 1840 haec

213 1856 388 1915 praebet:
416 1869 437 1903 1
459 1866 603 1910 185,4=
633 1862 848 1912 μνημόσυνα
875 1865 1022 1902 mum.
1051 1868 1092 1902 11
1113 1870 1198 1911 101,
1218 1870 1253 1904 4.
1282 1870 1368 1915 121,
1388 1871 1410 1902 2
1439 1868 1494 1903 1v
1513 1870 1574 1910 81,
1593 1871 1655 1904 21.

217 1933 278 1975 89,
300 1932 317 1966 1
350 1929 427 1966 VII
446 1933 506 1974 24,
527 1932 562 1965 2.
591 1949 643 1955 -
671 1928 726 1966 ef.
754 1929 854 1967 Plut.
884 1928 975 1965 Mor.
1004 1941 1040 1976 p.
1062 1932 1147 1965 831.
1175 1929 1219 1965 D.
1246 1930 1335 1968 Luc.
1361 1929 1476 1978 Hipp.
1497 1932 1531 1965 2.
1559 1929 1656 1965 Coss.

215 1993 260 2029 D.
288 1993 376 2029 LIV
396 1996 457 2035 23,
477 1996 513 2028 6.

213 2056 327 2102 Apud
363 2057 505 2092 ceteros
544 2053 689 2091 Atticos
733 2053 812 2090 eius
853 2052 936 2091 vioe
976 2053 1102 2102 eliqua
1137 2065 1184 2089 ex
1219 2057 1324 2102 parte
1361 2055 1538 2101 μνημεῖον
1571 2054 1656 2091 fun-

215 2118 333 2164 gitur3
361 2130 471 2166 quem
497 2117 544 2153 sd
569 2117 719 2153 modum
745 2116 827 2164 ipse
855 2116 1021 2165 Thucyd.
1049 2117 1090 2152 11
1118 2120 1178 2161 41,
1208 2120 1231 2153 4
1259 2117 1377 2154 dixit:
1408 2119 1566 2164 μνημεῖα
1592 2130 1655 2153 κα-

213 2180 289 2215 κῶν
316 2192 353 2215 τε
380 2174 559 2227 κάγαθῶν
586 2174 688 2215 άίδια
716 2177 1061 2226 ξυγκατοικίσαντες.

317 2241 557 2279 Adiectivum
595 2240 804 2283 πίσυνος
840 2241 887 2277 ab
913 2241 1040 2277 Attice
1075 2241 1233 2278 dialecto
1268 2241 1431 2278 alienum
1468 2254 1548 2278 esse
1579 2241 1655 2279 iem

212 2305 357 2353 pridem
395 2306 504 2341 Phot.
543 2307 581 2341 et
607 2304 709 2342 Suid.
747 2317 774 2340 s.
810 2316 847 2341 v.
884 2300 1051 2350 περιωπή
1086 2305 1290 2341 docuerunt
1329 2308 1367 2341 et
1402 2302 1503 2341 inter
1539 2307 1656 2342 verbs

211 2362 415 2416 γλωττώδη,
443 2378 537 2416 quoe
563 2366 604 2402 in
623 2365 839 2414 Thucydide
867 2368 964 2411 sunt,
992 2370 1290 2405 numeraverunt.
1340 2355 1520 2404 Similiter
1547 2367 1592 2403 de
1611 2379 1654 2403 eo

211 2430 452 2467 But-herford.
481 2429 528 2465 ed
554 2430 695 2476 Phryn.
723 2441 759 2476 p.
789 2432 850 2465 21.
877 2427 1059 2466 iudicavit
1093 2429 1131 2464 in
1160 2442 1202 2466 eo
1230 2435 1352 2466 tamen
1377 2430 1520 2477 lapsus,
1556 2430 1656 2479 quod

210 2491 250 2527 id
276 2504 350 2528 uno
377 2491 472 2540 loco,
500 2491 616 2527 Thuc.
644 2491 688 2528 V.
720 2493 779 2537 14,
808 2494 848 2527 3:
878 2491 954 2532 τοῖς
981 2488 1048 2533 ἔξω
1076 2490 1236 2536 πίσυνοι,
1264 2504 1324 2537 ,ex
1349 2492 1440 2529 Jede
1465 2491 1653 2528 residuum

212 2557 304 2593 esse‘
333 2554 506 2602 opinatus
534 2557 611 2599 est3
639 2566 724 2590 nam
752 2552 941 2602 reperitur
968 2553 1077 2590 etism
1105 2555 1218 2592 Thuc.
1247 2555 1299 2591 11.
1330 2558 1390 2601 89,
1411 2558 1445 2591 6.
1474 2555 1541 2591 VI.
1564 2557 1599 2602 2,
1619 2557 1654 2594 6.
