1910 2806
906 57 1168 100 ..48-

312 166 465 208 verunt,
498 161 570 199 alia
595 175 632 211 p.
660 166 721 201 45.
748 164 869 202 adnot.
898 168 933 210 3,
961 168 996 210 4,
1023 177 1060 212 p.
1080 168 1141 203 46.
1168 166 1291 204 adnot.
1318 163 1529 211 reieoimus,
1566 162 1637 203 alia
1660 173 1762 203 'nuno

313 226 515 271 reiciemus,
552 226 652 263 aliud
689 231 901 275 corruptum
936 232 1002 265 est.
1057 228 1257 267 Reicienda
1284 232 1389 275 sunt,
1425 241 1506 266 oum
1540 229 1657 276 primo
1695 230 1758 266 ob-

313 292 394 324 tutu
421 291 596 336 appareat
621 301 821 335 pronomen
850 287 913 325 ὅδε
939 291 985 325 ad
1012 291 1203 338 sequentia
1229 295 1413 337 spectare:
1440 292 1536 327 Xen.
1561 293 1680 327 Anah.
1697 292 1761 328 111

318 354 349 394 1,
374 353 440 387 13:
468 345 600 386 ὁποῖόν
627 363 664 387 τε
691 348 754 398 μὲν
782 347 829 399 δή
857 349 930 388 ἐστι
955 353 1124 388 τοιοῦτον
1151 347 1242 401 ὄναρ
1272 351 1373 400 ἰδεῖν,
1401 351 1513 397 ἔξεστι
1531 355 1691 402 Χσκοπεῖν
1719 351 1759 389 ἐκ

313 414 386 448 τῶν
413 410 633 459 συμβάντων
660 410 747 459 μετοὶ
775 410 815 450 τό
845 410 946 462 ὄναρ.
977 414 1134 462 γίγνεται
1161 411 1231 463 γάρ
1259 414 1356 452 τάδε.
1385 412 1504 458 εὐθύς
1531 412 1680 462 ἐπειδὴ.
1697 443 1706 451 .
1721 443 1730 452 .
1748 443 1756 452 .

312 475 395 521 Cyr.
423 475 510 511 inst.
528 476 593 511 111
612 479 646 520 3,
667 479 738 512 35:
767 472 851 510 τάδε
879 473 919 511 δὲ
946 474 980 511 εἰ
1006 472 1056 523 μὴ
1083 474 1273 525 τυγχάνετε
1300 474 1617 525 κατανενοηκότες,
1646 473 1758 513 ἀκού-

313 548 418 573 σατε·
466 534 533 581 οὓς
571 534 640 586 γάρ
656 566 664 575 .
685 567 691 574 .
713 566 721 574 .
777 539 995 585 Corruptum
1036 544 1156 576 autem
1197 553 1436 588 mancumque
1477 553 1554 576 esse
1589 541 1759 587 Xenoph.

312 601 424 636 Mem.
442 601 463 635 1
485 601 518 645 7,
535 603 576 635 5.·
604 598 687 646 ἐμοὶ
715 597 779 646 μὲν
806 592 874 635 οὖν
902 596 1021 636 ἐδόκει
1048 599 1110 636 καὶ
1137 602 1204 653 τοῦ
1231 597 1512 646 ἀλαζονεύεσθαι
1541 597 1759 650 ἀποτρέπειν

313 659 399 705 τούς
427 659 603 706 συνόντας
630 659 754 699 τοιάδε
773 660 1027 713 διαλεγόμενος
1045 665 1214 701 Dindorf.
1231 666 1346 713 praef.
1366 665 1452 702 edit.
1474 665 1591 702 Oxon.
1610 678 1646 712 p.
1661 666 1758 710 VII„

312 726 483 762 Schenkl.
524 726 862 773 Sitzungsberichte
900 728 935 763 d.
963 727 1052 764 kais.
1083 728 1197 766 Akad.
1235 729 1268 764 d.
1298 729 1518 765 Wissensch.
1553 729 1671 775 h.-ph.
1698 728 1758 764 Kl.

314 790 386 825 vol.
407 789 564 826 LXXX.
592 802 628 837 p.
652 792 734 825 118.
763 803 799 837 p.
822 793 908 826 144.
936 791 1288 827 demonstraverunt.
1348 791 1442 827 Item
1478 791 1643 827 mutilum
1681 803 1758 826 esse

314 852 410 887 Xen.
439 852 525 897 Rpl.
555 852 597 887 L.
626 852 709 888 XV.
731 855 773 888 9:
826 852 867 886 αἳ
903 850 942 887 δὲ
979 849 1227 898 τελευτήσαντι
1269 851 1368 898 τιμαὶ
1407 852 1547 899 βασιλεῖ
1579 851 1768 895 δέδονταις

318 913 404 964 τῇδε
431 909 627 961 βούλονται
655 913 791 961 δηλοῦν
818 913 857 951 οἴ
881 913 1106 963 Λυκούργου
1134 911 1252 961 νόμοι,
1280 911 1337 952 ὅτι
1363 910 1428 963 οὐχ
1456 911 1506 959 ὥς
1531 911 1759 961 ἀνθρώπους

315 972 387 1010 ἀλλ’
416 971 467 1017 οἷς
494 973 619 1024 ἥρωας
645 973 731 1018 τούς
760 977 1063 1023 Λακεδαιμονίων
1089 977 1246 1022 βασιλεῖς
1273 974 1575 1024 προτετιμήκασιν
1614 978 1758 1023 Sauppe

315 1041 352 1074 et
379 1038 545 1074 Dindorf.
573 1038 614 1074 in
642 1038 936 1075 adnotationibus
965 1040 1009 1074 ad
1036 1040 1070 1075 h.
1100 1040 1124 1075 l.
1154 1040 1400 1075 ostenderunt.

420 1103 478 1137 Ex
497 1101 760 1137 recentioribus
779 1101 1017 1147 scriptoribus
1036 1102 1223 1150 Polybius,
1252 1102 1439 1147 Arrianus,
1468 1103 1658 1149 Appianus
1676 1114 1759 1148 pro-

315 1164 461 1201 nomina
498 1159 563 1199 ὅδε
590 1167 628 1200 et
655 1155 763 1205 οὗτος
799 1164 952 1199 alterum
989 1165 1033 1199 ab
1069 1165 1182 1200 altero
1211 1176 1283 1200 non
1311 1164 1551 1210 distinguunt.
1605 1163 1685 1202 Quo
1714 1165 1757 1199 de

314 1228 475 1264 Keelker
515 1226 736 1272 ,Quaestion.
766 1227 810 1263 de
839 1226 1043 1264 elocutione
1070 1227 1283 1274 Polybiana‘
1311 1227 1451 1274 (Leipz.
1472 1227 1571 1264 Stud.
1592 1227 1665 1265 vol.
1685 1228 1756 1263 111.

314 1303 350 1337 p.
371 1289 476 1336 277.)
496 1289 742 1325 Grundmann.
763 1301 798 1335 p.
816 1293 876 1325 54.
905 1290 1071 1325 Boehner
1098 1301 1134 1335 p.
1150 1293 1211 1325 82.
1239 1289 1497 1325 disseruerunt.
1533 1290 1586 1327 of.
1600 1289 1756 1335 Appian.

319 1352 444 1389 Mithr.
459 1355 519 1387 49.
538 1355 599 1388 68.
626 1372 678 1378 -
706 1351 790 1388 bell.
819 1351 887 1387 civ.
909 1352 960 1388 II.
981 1354 1043 1388 45.

422 1415 501 1450 Iam
528 1414 589 1449 hic
615 1414 715 1450 locus
743 1417 799 1450 est
825 1417 866 1449 ut
892 1414 1008 1449 dicam
1036 1415 1080 1449 de
1110 1414 1323 1460 pronomine
1346 1410 1445 1456 ὅστις
1463 1414 1574 1451 Thuo.
1594 1414 1649 1449 VI
1664 1417 1697 1458 3,
1717 1417 1757 1451 1:

319 1476 508 1524 Χαλκιδῆς
531 1472 657 1520 Νάξον
685 1471 819 1526 ᾤκισαν
841 1474 903 1512 καὶ
924 1470 1149 1519 ’Λπόλλωνος
1161 1472 1381 1525 Ἀρχηγέτου
1403 1472 1539 1523 βωμόν,
1568 1472 1667 1519 ὅστις
1693 1476 1759 1512 νῦν

315 1539 383 1583 ἔξω
411 1542 475 1586 τῆς
502 1535 641 1581 πόλεώς
676 1538 784 1583 ἐστιν,
823 1535 1030 1585 ἱδρύσαντο,
1069 1537 1122 1583 ἐφ’
1165 1531 1205 1588 ᾦ,
1243 1535 1332 1574 ὅταν
1360 1538 1399 1575 ἐκ
1427 1539 1595 1581 Σικελίας
1621 1537 1758 1586 θεωροὶ

315 1601 461 1647 πλέωσι,
490 1602 637 1650 πρῶτον
665 1597 834 1637 θύουσιν.
878 1600 994 1646 Quod,
1023 1613 1104 1637 cum
1132 1601 1321 1638 enuntiato
1350 1603 1394 1637 ab
1422 1613 1464 1637 eo
1492 1601 1650 1638 ordienti
1677 1602 1760 1637 sub-

315 1666 515 1702 stantivum
542 1660 668 1711 βωμός
706 1665 907 1701 accuratius
946 1664 1140 1700 definiatur
1167 1665 1218 1700 ita
1244 1669 1286 1701 ut
1312 1677 1355 1700 ea
1383 1665 1564 1701 sententia
1590 1665 1757 1701 attributi

316 1730 411 1777 quod
440 1728 575 1764 dicitur
601 1739 751 1764 munere
779 1728 964 1773 fungatur,
1001 1726 1202 1763 insolenter
1238 1739 1303 1773 pro
1331 1722 1373 1769 ὅς
1408 1727 1565 1773 positum
1594 1739 1670 1763 esse
1697 1739 1759 1774 ap-

316 1795 430 1838 paret.
485 1793 537 1827 At
563 1791 725 1827 Stahlius
764 1790 842 1826 eius
868 1789 1101 1825 insolentiam
1129 1801 1316 1826 removere
1343 1790 1413 1825 sibi
1442 1789 1541 1825 visus
1569 1793 1645 1837 est,
1680 1802 1758 1826 cum

314 1855 577 1900 interpretatus
601 1857 655 1888 est
683 1864 804 1897 „aram
830 1852 932 1887 illam
960 1864 1033 1888 non
1061 1863 1170 1887 unam
1197 1853 1259 1888 sed
1288 1864 1367 1888 cum
1395 1852 1477 1887 aliis
1503 1856 1607 1889 extra
1634 1854 1759 1888 urbem

315 1917 450 1961 fuisse3
477 1915 706 1951 imminutam
736 1914 832 1950 enim
854 1914 1076 1961 Thucydidis
1103 1918 1265 1961 tempore
1291 1916 1417 1952 urbem
1445 1915 1557 1951 fuisse
1584 1927 1759 1961 apparere

315 1981 368 2016 ita
406 1983 447 2015 ut
484 1991 568 2026 pars
607 1990 790 2015 sacrorum
825 1988 916 2025 quae
952 1980 1058 2013 antea
1094 1978 1133 2013 in
1160 1990 1202 2013 ea
1228 1977 1384 2013 fuissent
1418 1981 1494 2013 tum
1523 1982 1626 2014 extra
1653 1981 1757 2014 esset.

317 2045 447 2089 ltaque
480 2053 553 2076 non
592 2040 813 2086 singularem
850 2039 957 2074 unius
993 2051 1073 2074 arae
1107 2040 1273 2075 habitum
1311 2040 1489 2076 describi“
1521 2040 1759 2087 laudavitque

315 2105 446 2141 Matth.
476 2104 536 2140 Gr.
557 2102 619 2139 Gr.
649 2101 775 2150 5483.
790 2102 825 2137 b.
877 2102 1059 2137 Kuehner.
1089 2102 1151 2138 Gr.
1171 2101 1232 2139 Gr.
1261 2101 1384 2150 5554.
1407 2104 1440 2138 1.
1469 2103 1550 2138 adn.
1575 2105 1630 2139 1..
1678 2102 1760 2147 Sed,

315 2168 448 2212 hercle,
477 2166 644 2215 equidem
683 2177 755 2213 quo
783 2165 888 2200 modo
916 2164 977 2200 hic
1004 2177 1129 2201 sensus
1157 2177 1177 2201 e
1204 2165 1326 2201 verbis
1354 2164 1497 2201 traditis
1525 2165 1607 2201 elici
1634 2165 1758 2211 possit,

318 2243 391 2268 non
419 2230 617 2276 intellego,
646 2240 766 2277 neque
796 2227 927 2264 Matth.
956 2231 992 2264 et
1017 2228 1193 2265 Kuehner
1221 2228 1306 2276 (1.1.
1334 2228 1417 2272 1.1.)
1457 2228 1496 2264 id
1527 2229 1758 2275 praeceptum

314 2295 494 2330 dederunt
521 2305 592 2340 quo
621 2293 711 2328 haec
737 2290 993 2336 interpretatio
1021 2293 1341 2336 commendaretur,
1379 2293 1441 2328 sed
1470 2291 1652 2338 expressis
1678 2303 1760 2327 ver-

315 2356 372 2392 bis
399 2355 630 2391 insolentiam
666 2354 766 2390 illam
806 2356 1043 2399 agnoverunt.
1098 2354 1265 2390 Ceterum
1302 2354 1381 2399 lege
1418 2366 1510 2402 quae
1537 2353 1693 2390 Classen.
1721 2353 1760 2388 in

316 2417 574 2455 commentario
609 2416 737 2453 critico
766 2417 811 2452 de
839 2416 909 2451 hoo
936 2415 1015 2452 loco
1043 2416 1256 2463 disputavit.
1309 2417 1439 2465 Itaque
1467 2428 1591 2452 eorum
1619 2414 1760 2462 opinio-

316 2495 399 2519 nem
437 2493 552 2517 meam
589 2479 693 2524 facio,
731 2479 795 2527 qui
824 2481 957 2524 putant
978 2479 1225 2526 Thucydidem
1264 2480 1377 2516 verba
1408 2480 1452 2514 de
1481 2479 1614 2527 quibus
1641 2478 1761 2524 agitur

316 2558 362 2582 ex
392 2544 573 2582 Antiocho
602 2543 838 2591 Syracusano,
868 2553 975 2590 quem
1002 2541 1108 2578 initio
1138 2541 1222 2579 libri
1255 2542 1351 2579 sexti
1379 2545 1523 2579 secutus
1550 2544 1617 2588 est,
1644 2545 1760 2579 trans-
