1910 2806
837 109 1141 160 --68-

289 234 363 273 quo
400 221 487 272 quid
523 223 583 260 vel
619 222 766 260 eveniat
792 223 852 260 vel
878 227 1094 262 eventurum
1121 227 1170 263 sit
1196 227 1419 275 cogitatione
1446 225 1737 264 adumbrandum'

290 299 369 324 esse
404 285 627 331 declaretur,
662 286 743 333 ipsa
778 289 898 323 autem
937 298 995 324 res
1033 299 1100 335 per
1138 289 1313 327 orationis
1338 292 1490 327 formam
1516 288 1666 327 minime
1691 289 1732 326 in

289 350 438 387 dubium
467 353 629 396 vocatur,
655 350 819 398 profecto
847 350 891 386 ad
914 349 1116 387 animorum
1143 352 1314 390 affectum
1343 364 1559 402 omnemque
1585 357 1730 390 senten-

289 413 362 449 tiae
388 414 464 451 vim
490 425 565 449 non
592 413 745 449 nimium
773 413 943 457 interest,
979 416 1103 450 utrum
1126 414 1172 451 .is
1209 416 1271 464 qui
1307 416 1469 464 loquitur
1495 415 1658 452 adhibita
1683 409 1732 451 ἄν

289 475 467 522 particula
500 475 539 510 in
578 486 653 511 eam
694 474 951 521 cogitationem
978 474 1184 512 audientem
1210 477 1364 514 adducat
1399 488 1445 513 an
1472 477 1605 514 omissa
1631 488 1731 514 suam

290 532 448 574 mentem
473 538 513 573 in
541 549 584 573 ea
610 538 765 573 defixam
792 537 1030 574 testificetur‘·
1044 535 1091 585 1).

290 600 419 648 Neque
446 599 560 645 igitur
587 611 606 634 e
634 599 777 636 diverso
806 598 968 644 oonsilio,
1006 599 1067 635 sed
1106 610 1126 635 e
1161 599 1305 636 diversa
1332 600 1591 637 consuetudine
1616 601 1731 638 Attici

289 662 485 712 scriptores
519 656 565 696 ἄν
601 661 775 707 posuisse,
814 660 1022 697 Herodotus
1050 660 1295 707 Hippocrates
1322 665 1364 699 et‘
1383 661 1611 710 Thucydides
1635 663 1731 699 haud

290 734 373 759 raro
395 723 558 759 omisisse
577 722 728 769 putandi
748 722 887 768 suut').
916 721 1022 761 Quod
1042 725 1161 759 autem
1187 723 1354 759 nonnulli
1374 724 1472 770 apud
1488 723 1570 760 illos
1588 727 1734 761 exstant

289 786 373 832 loci,
401 785 534 835 quibus
562 780 609 821 ἄν
636 786 748 831 deest,
776 797 901 822 eorum
928 785 992 822 alii
1020 786 1233 823 emendandi
1253 789 1348 831 sunt,
1375 786 1437 823 alii
1465 787 1511 823 ob
1539 786 1629 824 alias
1647 800 1730 825 cuu-

289 862 346 885 sas
373 861 447 884 non
475 850 677 884 offendunt.
731 849 996 885 Perlustremus
1024 849 1185 894 singulos
1197 848 1245 895 ³).

393 913 423 947 Ι.
470 911 678 947 Scribarum
705 911 936 957 neglegentia
962 911 1175 957 particulam
1202 911 1370 947 interisse
1397 924 1483 947 vere
1510 916 1566 949 est
1592 912 1731 949 similli-

290 986 387 1009 mum
417 973 508 1010 Plat.
537 974 672 1009 Phaed.
691 985 725 1019 p.
747 976 808 1009 62.
827 973 875 1009 0:
893 967 997 1014 Ἴσως
1023 972 1145 1007 τοίνυν
1172 968 1286 1022 ταύτῃ
1314 968 1385 1007 οὐκ
1413 968 1546 1021 ἄλογον
1572 970 1623 1020 μὴ
1641 971 1729 1020 πρό-

289 1048 393 1084 τερον
426 1029 539 1072 αὑτὸν
574 1030 837 1071 ἀποκτιννύναι
871 1033 947 1070 δεῖν
974 1031 1061 1082 πρὶν
1088 1029 1275 1082 ἀνάγκην
1300 1030 1381 1070 τινὰ
1409 1030 1499 1077 θεός
1525 1033 1730 1086 inuisam.

293 1099 385 1133 Plat.
415 1097 562 1132 Theaet.
590 1109 625 1142 p.
658 1099 742 1132 169.
771 1097 820 1132 B:
849 1092 911 1131 τᾶν
938 1091 1189 1143 προσελθόντα
1215 1092 1288 1131 οὐκ
1316 1093 1423 1142 ἀνίης
1448 1094 1536 1145 πρὶν
1563 1092 1732 1144 ἀναγκό-

290 1170 357 1210 σῃς
383 1153 578 1200 ἀποδύσας
607 1156 644 1194 ἐν
671 1159 748 1200 τοῖς
774 1153 895 1205 λόγοις
922 1157 1255 1205 προσπαλαῖσαι4).
1298 1158 1475 1206 Hyperid.
1504 1170 1555 1194 or.
1574 1170 1640 1205 pro
1660 1159 1731 1194 Eu-

291 1234 376 1257 xen.
405 1221 471 1257 col.
492 1221 579 1257 XX.
607 1234 644 1258 v.
669 1224 726 1257 10.
748 1220 860 1268 (Bl.):
888 1217 933 1255 οὗ
961 1215 1029 1268 χρὴ
1057 1216 1143 1262 τούς
1170 1215 1341 1261 δικαστὰς
1367 1216 1546 1268 πρότερον
1571 1216 1616 1255 τοὶ
1642 1216 1730 1255 καθ’

292 1282 425 1324 ἕκαστος
451 1283 516 1327 τῆς
543 1282 763 1329 κατηγορίας
796 1277 992 1327 ὑπομένειν
1019 1277 1180 1326 ἀκούειν,
1208 1279 1296 1328 πρὶν
1323 1277 1433 1316 αὐτὰ
1462 1277 1501 1317 τό
1529 1278 1731 1326 κεφάλαιον

290 1345 356 1381 τοῦ
395 1340 539 1391 ἀγῶνος
576 1340 638 1379 καὶ
674 1338 740 1390 τὴν
776 1338 1007 1391 ἀντιγραφὴν
1034 1338 1253 1386 ἐξετάσωσιν.
1308 1343 1381 1380 Hic
1406 1338 1453 1379 ι’ίν
1478 1342 1590 1380 inseri
1617 1343 1729 1380 iusse-

289 1410 376 1443 runt
403 1406 669 1443 Schneidewin.
701 1406 826 1442 Cobet.
853 1405 1048 1453 (Haemos.
1066 1406 1140 1441 vol.
1158 1406 1209 1442 ΙΙ.
1229 1404 1380 1454 [1853.]
1398 1417 1432 1451 p.
1453 1404 1557 1452 ³21.)
1594 1405 1728 1452 Saupp.

288 1468 468 1515 (Gotting.
505 1467 668 1513 gelehrte
702 1467 856 1512 Anaeig.
895 1466 1005 1502 1870.
1034 1479 1068 1512 p.
1089 1466 1203 1513 251.)
1259 1467 1427 1502 Aeschin.
1454 1478 1542 1503 voro
1570 1468 1631 1502 111
1660 1469 1730 1502 60:

286 1526 398 1575 ,ὅστις
434 1525 531 1566 οὕτω
566 1524 744 1565 διάκειται
778 1523 858 1575 ‘ant'
892 1524 1094 1577 ἀπογνώτω
1125 1525 1238 1575 μηδὲν
1274 1524 1363 1574 μήτε
1397 1524 1616 1576 καταγνότω
1643 1526 1731 1576 πρὶν

287 1587 442 1641 οἰκούσῃ(
473 1589 560 1637 πρὶν
587 1587 633 1625 ἄν
659 1586 803 1639 οἰκούσῃ
832 1592 1061 1627 scribendum
1089 1602 1168 1626 esse
1186 1591 1324 1636 Reisig.
1351 1590 1567 1637 (coniectati.
1586 1591 1626 1625 in
1647 1591 1729 1625 Ari-

287 1654 408 1700 stoph.
436 1666 470 1700 p.
493 1653 569 1701 66.)
609 1653 717 1689 etiam
756 1663 799 1689 eo
839 1652 1078 1697 confirmavit,
1118 1653 1214 1701 quod
1241 1653 1354 1689 verba
1380 1647 1431 1698 μὴ
1458 1648 1613 1702 δικάσῃς
1642 1649 1731 1699 πρὶν

288 1711 334 1749 ἄν
361 1710 525 1763 α’κούσῃς
551 1715 590 1748 iu
618 1714 852 1759 proverbium
878 1713 1048 1749 abierunt
1074 1725 1193 1760 neque
1219 1725 1371 1760 usquam
1398 1713 1576 1760 particula
1592 1708 1638 1748 ἄν
1665 1726 1729 1759 op-

287 1788 411 1824 pressa
438 1780 504 1813 est.
560 1775 680 1815 Quare
709 1775 909 1814 Hermann.
938 1775 987 1822 (p.
1011 1775 1123 1822 118.)‚
1161 1774 1331 1823 quoniam
1359 1786 1440 1813 eum
1467 1786 1658 1822 perperam
1685 1776 1728 1811 de

286 1839 324 1875 vi
351 1838 551 1885 particulae
579 1833 625 1873 ἄν
658 1838 884 1885 praecepisse
923 1837 1144 1873 Baeumlein.
1182 1838 1546 1883 („Untersuchung'en
1575 1838 1666 1892 iiber
1693 1838 1728 1874 d.

286 1902 420 1948 grieoh.
459 1901 560 1937 Medi
599 1902 674 1937 und
702 1902 736 1938 d.
764 1901 929 1938 Partikel
967 1897 1030 1935 κέν
1066 1902 1141 1938 und
1175 1896 1245 1935 ‘’iv“
1272 1913 1307 1947 p.
1329 1902 1580 1947 237.—242.)
1608 1900 1729 1946 evicit,

234 1974 236 1977 ’
285 1964 463 1999 librorum
490 1963 699 2000 memoriam
728 1964 951 2012 nequiquam
978 1963 1151 1999 defendit.

390 2026 441 2062 ΙΙ.
469 2025 553 2060 Non
574 2025 727 2062 offendit
744 2037 824 2061 mea
843 2025 1015 2072 opinione
1033 2025 1197 2062 Platonis
1216 2025 1315 2061 locus
1333 2025 1373 2060 in
1391 2024 1506 2070 Legg.
1525 2037 1560 2071 p.
1576 2023 1663 2061 873.
1675 2026 1729 2061 A:

285 2082 307 2122 o‘
334 2082 403 2135 γάρ
431 2082 478 2132 δὴ
514 2087 639 2133 μῦθος
676 2083 700 2133 ἢ
734 2082 842 2135 λόγος
867 2083 892 2134 ἢ
919 2083 941 2123 ὅ
967 2100 1001 2123 τι
1027 2083 1094 2136 χρὴ
1121 2082 1403 2135 προσαγορεύειν
1430 2081 1552 2131 αὐτόν,
1593 2084 1632 2122 ἔκ
1659 2098 1729 2122 πα-

283 2149 397 2185 λαιῶν
425 2146 552 2198 ἱερέων
579 2146 716 2199 εἴρηται
743 2150 890 2195 σαφῶς·
921 2170 967 2176 -
996 2145 1085 2187 οὐδὲ
1110 2147 1288 2187 ἔκπλυτον
1315 2146 1455 2186 ἐθέλειν
1479 2147 1667 2198 γίγνεσθαι
1684 2142 1726 2186 τό

370 2283 399 2322 1)
424 2283 567 2312 Schmidt.
589 2292 619 2320 p.
646 2285 694 2313 19.

369 2337 401 2373 2)
422 2336 459 2365 In
481 2335 579 2365 titulis
601 2330 639 2366 ἄν
661 2336 735 2373 poni
757 2336 844 2365 solet
878 2335 925 2365 Cf.
947 2336 1154 2367 Meister-hans.
1176 2346 1207 2374 p.
1230 2338 1301 2367 810.

368 2386 399 2427 3)
421 2387 543 2416 Partem
564 2396 669 2417 eoram
684 2388 879 2417 Hei-manuus
903 2389 951 2424 ‚de
965 2389 1113 2425 particula
1134 2384 1181 2420 ὀῖνι
1196 2389 1249 2419 lib.
1265 2390 1303 2418 11.
1319 2391 1348 2419 9.
1364 2402 1406 2415 =
1420 2398 1523 2449 opusc.
1540 2387 1594 2418 IV.
1609 2397 1640 2426 p.
1657 2387 1726 2418 112.

285 2439 513 2477 subministrat·
534 2440 591 2468 reli
581 2448 669 2476 iquos
691 2440 757 2477 ipse
779 2440 898 2478 collegi.

365 2491 398 2530 4)
421 2492 500 2520 Plat.
522 2491 614 2520 Laeh.
639 2501 670 2529 p.
687 2494 755 2522 187
779 2493 816 2529 Ε,
839 2493 927 2522 Polit.
952 2502 980 2530 p.
995 2495 1065 2524 281.
1090 2495 1129 2530 D,
1154 2494 1207 2523 abi
1230 2494 1348 2524 codices
1369 2494 1493 2531 quidam
1515 2487 1553 2524 ἄν
1576 2492 1725 2529 omittunt,

282 2543 373 2573 ceteri
396 2543 548 2579 exhibent,
578 2539 617 2575 ἄν
646 2544 711 2574 sine
742 2546 805 2574 ulla
833 2544 1018 2575 dubitatione
1039 2545 1245 2583 recipiendum
1268 2549 1322 2576 est.
1366 2546 1535 2584 Corruptus
1557 2547 1657 2574 autem
1680 2547 1726 2576 est

281 2596 359 2626 Plat.
385 2596 499 2626 Phaed.
523 2605 553 2633 p.
577 2598 626 2626 86.
650 2597 684 2626 Β.
710 2597 748 2628 V.
772 2597 899 2626 sch-uz.
